=LDR  02270 gm a2200529uu 4500
=001  016427655
=003  Uk
=005  20201127183322.0
=008  100813s1994\\\\xx\|||\|||||||||||mleng\d
=FMT  \\$a  VM
=035  \\$aASP764344/ant1
=245  00$a¡Luchando! Cuba's Struggle to Survive
=260  \\$aWatertown, MA$bDocumentary Educational Resources (DER)$c1994
=306  \\$a55 minutes
=490  0\$aEthnographic Video Online, Volume 1
=505  00$aRussel Porter, an Australian documentary filmmaker examines how people in Cuba are surviving the hardships caused initially by the "blockade" imposed by the USA over 30 years ago and increased by the more recent loss of trade with the countries of Eastern Europe. The goal was to faithfully and objectively portray the current atmosphere and character of this "little island in the Caribbean."
=546  \\$aIn Spanish, Subtitles in English
=650  04$aCuban
=650  \4$aCultural change and history
=650  \4$aCultural identity
=650  \4$aCensorship
=650  \4$aTheater
=650  \4$aPolitics
=650  \4$aEmbargoes
=650  \4$aEconomics
=700  1\$aPatience, Denise.$4pro
=700  1\$aPorter, Russell.$4aut
=700  1\$aPorter, Russell.$4drt
=700  1\$aBirri, Fernando$4oth
=700  1\$aPatterson, Fatima$4oth
=700  1\$aPerugorría, Jorge.$4oth
=700  1\$aPrieto, Abel.$4oth
=773  0\$dWatertown, MA : Documentary Educational Resources (DER), 1994
=856  40$uhttp://www.aspresolver.com/aspresolver.asp?ANTH;764344$yAlexander Street Press Ethnographic Video Online
=859  \\$aORR$bAlexander Street Press
=883  0\$aLanguage codes assigned by Bayesian analysis of words present in record$d20201028$qUk$c0.9010
=985  \\$aUpgraded by BSS-generated file for WR2011-1472
=CAT  \\$aWR13_071$b00$c20130610$lBLL01$h1613
=CAT  \\$aBATCH$b00$c20130610$lBLL01$h1613
=CAT  \\$aBATCH-UPD$b00$c20130610$lBLL01$h1621
=CAT  \\$aBATCH-UPD$b00$c20150723$lBLL01$h2156
=CAT  \\$aWR16_088$c20160606$lBLL01$h1632
=CAT  \\$aW1610-0368$c20161006$lBLL01$h0938
=CAT  \\$aW1606-1753$c20171028$lBLL01$h1351
=CAT  \\$aW2011-1472$b00$c20201127$lBLL01$h1833
=FIN  \\$aY$d20130610
=LAS  \\$aW2011-1472$b00$c20201127$lBLL01$h1833

