=LDR  02382 gm a2200517uu 4500
=001  016427659
=003  Uk
=005  20201127183322.0
=008  100813s1973\\\\xx\|||\|||||||||||mleng\d
=FMT  \\$a  VM
=035  \\$aASP908565/ant1
=245  00$aThe 4th and 5th and the Exclusionary Rule, Part 2: Confession and Information, A Panel Debates Two Police Cases
=260  \\$aWatertown, MA$bDocumentary Educational Resources (DER)$c1973
=306  \\$a34 minutes
=490  0\$aEthnographic Video Online, Volume 1
=505  00$aThis film consists of sequences from the Pittsburgh Police footage intercut with a panel discussion moderated by Professor James Vorenberg of Harvard Law School. Community organizers, police, students and lawyers discussed the issues raised by four sequences, including the implications of the 4th and 5th Constitutional amendments, and the Exclusionary Rule of Evidence for search, seizure, and interrogation procedures.
=546  \\$aIn English
=650  04$aAmerican
=650  \4$aPolice inquiries
=650  \4$aCrime
=650  \4$aPolice forces
=650  \4$aLaw enforcement
=650  \4$aConstitutional amendments
=700  1\$aMarshall, John,$d1932-2005$4pro
=700  1\$aMarshall, John,$d1932-2005$4aut
=700  1\$aMarshall, John,$d1932-2005$4drt
=700  1\$aFlannigan, Newman$4oth
=700  1\$aKelly, William.$4oth
=700  1\$aVorenberg, James.$4oth
=700  1\$aWeltner, Charles$4oth
=773  0\$dWatertown, MA : Documentary Educational Resources (DER), 1973
=856  40$uhttp://www.aspresolver.com/aspresolver.asp?ANTH;908565$yAlexander Street Press Ethnographic Video Online
=859  \\$aORR$bAlexander Street Press
=883  0\$aLanguage codes assigned by Bayesian analysis of words present in record$d20201028$qUk$c0.9010
=985  \\$aUpgraded by BSS-generated file for WR2011-1472
=CAT  \\$aWR13_071$b00$c20130610$lBLL01$h1613
=CAT  \\$aBATCH$b00$c20130610$lBLL01$h1613
=CAT  \\$a7416$b40$c20150203$lBLL01$h1147
=CAT  \\$aBATCH-UPD$b40$c20150203$lBLL01$h1147
=CAT  \\$aWR16_088$c20160606$lBLL01$h1632
=CAT  \\$aBATCH-UPD$b00$c20160606$lBLL01$h1632
=CAT  \\$aW1610-0368$c20161006$lBLL01$h0938
=CAT  \\$aW1606-1753$c20171028$lBLL01$h1351
=CAT  \\$aW2011-1472$b00$c20201127$lBLL01$h1833
=FIN  \\$aY$d20130610
=LAS  \\$aW2011-1472$b00$c20201127$lBLL01$h1833

