=LDR  02510 gm a2200613uu 4500
=001  016427660
=003  Uk
=005  20201127183322.0
=008  100813s2005\\\\xx\|||\|||||||||||mleng\d
=FMT  \\$a  VM
=035  \\$aASP764418/ant1
=245  00$aAbloni
=260  \\$aWatertown, MA$bDocumentary Educational Resources (DER)$c2005
=306  \\$a51 minutes
=490  0\$aEthnographic Video Online, Volume 1
=505  00$aYou give an old shirt or dress to a charity. Then, you forget all about it. But - without knowing it - you have had a huge impact on people you don't know, people throughout the world; and that impact is not all good. By following the strange, colorful, unpredictable voyage of one second hand shirt, Abloni plunges us into the huge worldwide business of second hand clothes.
=546  \\$aIn French, English, Subtitles in English
=650  04$aWest African
=650  \4$aCharity
=650  \4$aTextile industry
=650  \4$aFashion
=650  \4$aClothing shops
=650  \4$aEconomics
=650  \4$aTrade
=700  1\$aOktan, Alexandre$4aut
=700  1\$aOktan, Alexandre$4drt
=700  1\$aAgbodjan, Prince$4oth
=700  1\$aCastro, Daniel.$4oth
=700  1\$aCayer, Jean$4oth
=700  1\$aDescous, Patrick$4oth
=700  1\$aGondola, Didier$4oth
=700  1\$aKodjo, Amouzo$4oth
=700  1\$aLaroche, Jean$4oth
=700  1\$aLeBlanc, Nancy.$4oth
=700  1\$aMayamon, Do-Rego Kiki$4oth
=700  1\$aNovinyo, Etienne$4oth
=700  1\$aVilleneuve, Steeve$4oth
=773  0\$dWatertown, MA : Documentary Educational Resources (DER), 2005
=856  40$uhttp://www.aspresolver.com/aspresolver.asp?ANTH;764418$yAlexander Street Press Ethnographic Video Online
=859  \\$aORR$bAlexander Street Press
=883  0\$aLanguage codes assigned by Bayesian analysis of words present in record$d20201028$qUk$c0.9010
=985  \\$aUpgraded by BSS-generated file for WR2011-1472
=CAT  \\$aWR13_071$b00$c20130610$lBLL01$h1613
=CAT  \\$aBATCH$b00$c20130610$lBLL01$h1613
=CAT  \\$aBATCH-UPD$b00$c20140623$lBLL01$h2058
=CAT  \\$a10743$b40$c20140624$lBLL01$h1504
=CAT  \\$aWR16_088$c20160606$lBLL01$h1632
=CAT  \\$aBATCH-UPD$b00$c20160606$lBLL01$h1632
=CAT  \\$aW1610-0368$c20161006$lBLL01$h0938
=CAT  \\$aBATCH-UPD$b00$c20161216$lBLL01$h2020
=CAT  \\$aW1606-1753$c20171028$lBLL01$h1351
=CAT  \\$aW2011-1472$b00$c20201127$lBLL01$h1833
=FIN  \\$aY$d20130610
=LAS  \\$aW2011-1472$b00$c20201127$lBLL01$h1833

