=LDR  01787 gm a2200457uu 4500
=001  016427661
=003  Uk
=005  20201127183322.0
=008  100813s9999\\\\xx\|||\|||||||||||mleng\d
=FMT  \\$a  VM
=035  \\$aASP1879797/ant1
=245  00$aAbout the Oss Films
=260  \\$aWatertown, MA$bDocumentary Educational Resources (DER)
=306  \\$a11 minutes
=490  0\$aEthnographic Video Online, Volume 1
=505  00$aGeorge Pickow and Peter Kennedy talk about making the 1953 film and John Bishop and Sabina Magliocco speak about making this DVD.
=546  \\$aIn English
=650  04$aEnglish
=650  \4$aReligious rites and ceremonies
=650  \4$aReligious festivals
=650  \4$aFolklore
=650  \4$aEthnographic methodology
=700  1\$aBishop, John.$4drt
=700  1\$aMagliocco, Sabina$4drt
=700  1\$aKennedy, Peter,$d1922-2006$4oth
=700  1\$aPickow, George.$4oth
=773  0\$dWatertown, MA : Documentary Educational Resources (DER)
=856  40$uhttp://www.aspresolver.com/aspresolver.asp?ANTH;1879797$yAlexander Street Press Ethnographic Video Online
=859  \\$aORR$bAlexander Street Press
=883  0\$aLanguage codes assigned by Bayesian analysis of words present in record$d20201028$qUk$c0.9010
=985  \\$aUpgraded by BSS-generated file for WR2011-1472
=CAT  \\$aWR13_071$b00$c20130610$lBLL01$h1613
=CAT  \\$aBATCH$b00$c20130610$lBLL01$h1613
=CAT  \\$aWR16_088$c20160606$lBLL01$h1632
=CAT  \\$aBATCH-UPD$b00$c20160606$lBLL01$h1632
=CAT  \\$aW1610-0368$c20161006$lBLL01$h0938
=CAT  \\$a11814$b40$c20161109$lBLL01$h1529
=CAT  \\$aW1606-1753$c20171028$lBLL01$h1351
=CAT  \\$aW2011-1472$b00$c20201127$lBLL01$h1833
=FIN  \\$aY$d20130610
=LAS  \\$aW2011-1472$b00$c20201127$lBLL01$h1833

