=LDR  01925 gm a2200445uu 4500
=001  016427662
=003  Uk
=005  20201127183322.0
=008  100813s2006\\\\xx\|||\|||||||||||mleng\d
=FMT  \\$a  VM
=035  \\$aASP1732798/ant1
=245  00$aAbstinence Comes To Albuquerque
=260  \\$aWatertown, MA$bDocumentary Educational Resources (DER)$c2006
=306  \\$a90 minutes
=490  0\$aEthnographic Video Online, Volume 1
=505  00$aAbstinence Comes to Albuquerque provides a glimpse into a nationwide debate over what young people should be taught about sexuality. Through personal stories, community profiles, and expert interviews, the program highlights the differences between a strict abstinence-only-until-marriage approach and more comprehensive sexuality education.
=546  \\$aIn English
=650  04$aAmerican
=650  \4$aPolitical causes
=650  \4$aBirth control
=650  \4$aSex
=650  \4$aEducation
=650  \4$aSchool curriculums
=700  1\$aStuart, Charles.$4pro
=700  1\$aStuart, Charles.$4aut
=700  1\$aStuart, Charles.$4drt
=773  0\$dWatertown, MA : Documentary Educational Resources (DER), 2006
=856  40$uhttp://www.aspresolver.com/aspresolver.asp?ANTH;1732798$yAlexander Street Press Ethnographic Video Online
=859  \\$aORR$bAlexander Street Press
=883  0\$aLanguage codes assigned by Bayesian analysis of words present in record$d20201028$qUk$c0.9010
=985  \\$aUpgraded by BSS-generated file for WR2011-1472
=CAT  \\$aWR13_071$b00$c20130610$lBLL01$h1613
=CAT  \\$aBATCH$b00$c20130610$lBLL01$h1613
=CAT  \\$aWR16_088$c20160606$lBLL01$h1632
=CAT  \\$aBATCH-UPD$b00$c20160606$lBLL01$h1632
=CAT  \\$aW1610-0368$c20161006$lBLL01$h0938
=CAT  \\$aW1606-1753$c20171028$lBLL01$h1351
=CAT  \\$aW2011-1472$b00$c20201127$lBLL01$h1833
=FIN  \\$aY$d20130610
=LAS  \\$aW2011-1472$b00$c20201127$lBLL01$h1833

