=LDR  02158 gm a2200517uu 4500
=001  016427663
=003  Uk
=005  20201127183322.0
=008  100813s2005\\\\xx\|||\|||||||||||mleng\d
=FMT  \\$a  VM
=035  \\$aASP764422/ant1
=245  00$aActing Like a Thief
=260  \\$aWatertown, MA$bDocumentary Educational Resources (DER)$c2005
=306  \\$a15 minutes
=490  0\$aEthnographic Video Online, Volume 1
=505  00$aActing Like a Thief is about a Chhara tribal theatre group in Ahmedabad, India. Starting with the arrest of playwright DaKxin Bajrange (Chhara), the documentary reveals how the Budhan Theatre has transformed the lives of adults and children within the community.
=546  \\$aIn English, Subtitles in English
=650  04$aChhara
=650  \4$aPolitics
=650  \4$aTheatrical productions
=650  \4$aTribal and national groups
=650  \4$aCultural change and history
=650  \4$aCultural identity
=650  \4$aInterethnic relations
=700  1\$aFriedman, P. Kerim.$4pro
=700  1\$aTalukdar, Shashwati.$4pro
=700  1\$aFriedman, P. Kerim.$4aut
=700  1\$aTalukdar, Shashwati.$4aut
=700  1\$aFriedman, P. Kerim.$4drt
=700  1\$aTalukdar, Shashwati.$4drt
=700  1\$aBajrange, Dakxin.$4oth
=773  0\$dWatertown, MA : Documentary Educational Resources (DER), 2005
=856  40$uhttp://www.aspresolver.com/aspresolver.asp?ANTH;764422$yAlexander Street Press Ethnographic Video Online
=859  \\$aORR$bAlexander Street Press
=883  0\$aLanguage codes assigned by Bayesian analysis of words present in record$d20201028$qUk$c0.9010
=985  \\$aUpgraded by BSS-generated file for WR2011-1472
=CAT  \\$aWR13_071$b00$c20130610$lBLL01$h1613
=CAT  \\$aBATCH-UPD$b00$c20130610$lBLL01$h1613
=CAT  \\$aBATCH$b00$c20130610$lBLL01$h1613
=CAT  \\$aWR16_088$c20160606$lBLL01$h1632
=CAT  \\$aBATCH-UPD$b00$c20160606$lBLL01$h1632
=CAT  \\$aW1610-0368$c20161006$lBLL01$h0938
=CAT  \\$aW1606-1753$c20171028$lBLL01$h1351
=CAT  \\$aW2011-1472$b00$c20201127$lBLL01$h1833
=FIN  \\$aY$d20130610
=LAS  \\$aW2011-1472$b00$c20201127$lBLL01$h1833

