=LDR  02625cgm a2200493uu 4500
=001  016427664
=003  Uk
=005  20201127183322.0
=008  100813s1984\\\\xx\|||\|||||||||||mleng\d
=FMT  \\$a  VM
=035  \\$aASP764424/ant1
=245  00$aAdd & Mabel's Punkin Center
=260  \\$aWatertown, MA$bDocumentary Educational Resources (DER)$c1984
=306  \\$a16 minutes
=490  0\$aEthnographic Video Online, Volume 1
=505  00$aAdd & Mabel's Punkin Center is about memories. It's about the urge to collect things from the past to help make vivid those cherished times. But it's also about today, about two old-timers whose tender and jovial banter reveals a contentment with the present derived only from knowing their past.To experience Punkin Center in Southern Indiana is to experience the value of reminiscence. Today, we see a homespun folk museum filled with hundreds of thousands of antiques and curiosities Add and Mabel Gray have collected since the 1920s. Each item inspires stories about vaudeville acts and organ grinders, Kraft cheese parties and western swing, Depression days and Amish neighbors. Over the years, Punkin Center grew to become the hub - the true backbone of their Midwestern community, fulfilling a need for isolated rural folk to be in touch with each other and the rest of the world.
=546  \\$aIn English
=650  04$aAmerican
=650  \4$aFolklore
=650  \4$aMuseums
=650  \4$aCollecting
=650  \4$aCultural change and history
=700  1\$aKane, Richard.$4pro
=700  1\$aBustin, Dillon.$4aut
=700  1\$aBustin, Dillon.$4drt
=700  1\$aKane, Richard.$4drt
=700  1\$aGray, Add$4oth
=700  1\$aGray, Mabel.$4oth
=700  1\$aHammer, Mark.$4nrt
=773  0\$dWatertown, MA : Documentary Educational Resources (DER), 1984
=856  40$uhttp://www.aspresolver.com/aspresolver.asp?ANTH;764424$yAlexander Street Press Ethnographic Video Online
=859  \\$aORR$bAlexander Street Press
=883  0\$aLanguage codes assigned by Bayesian analysis of words present in record$d20201028$qUk$c0.9010
=985  \\$aUpgraded by BSS-generated file for WR2011-1472
=CAT  \\$aWR13_071$b00$c20130610$lBLL01$h1613
=CAT  \\$aBATCH$b00$c20130610$lBLL01$h1613
=CAT  \\$aWR16_088$c20160606$lBLL01$h1632
=CAT  \\$aBATCH-UPD$b00$c20160606$lBLL01$h1632
=CAT  \\$aW1610-0368$c20161006$lBLL01$h0938
=CAT  \\$aW1606-1753$c20171028$lBLL01$h1351
=CAT  \\$aW2011-1472$b00$c20201127$lBLL01$h1833
=CAT  \\$aBATCH-UPD$b00$c20220718$lBLL01$h2019
=FIN  \\$aY$d20130610
=LAS  \\$aBATCH-UPD$b00$c20220718$lBLL01$h2019

