=LDR  02119 gm a2200565uu 4500
=001  016427665
=003  Uk
=005  20201127183322.0
=008  100813s2004\\\\xx\|||\|||||||||||mleng\d
=FMT  \\$a  VM
=035  \\$aASP764426/ant1
=245  00$aAdventure High
=260  \\$aWatertown, MA$bDocumentary Educational Resources (DER)$c2004
=306  \\$a89 minutes
=490  0\$aEthnographic Video Online, Volume 1
=505  00$aFive young men - including the filmmaker - take a four-month break from their responsible adult lives to travel by bicycle from Mongolia to Nepal hoping to experience old-fashioned travel adventures.
=546  \\$aIn Estonian, Subtitles in English
=650  04$aEstonian
=650  \4$aCompanions
=650  \4$aVacations
=650  \4$aFamily
=650  \4$aMountain biking
=650  \4$aDesert travel
=650  \4$aMountains
=650  \4$aSight-seeing
=650  \4$aBicycles
=700  1\$aNiglas, Liivo.$4pro
=700  1\$aNiglas, Liivo.$4aut
=700  1\$aNiglas, Liivo.$4drt
=700  1\$aHanso, Hannes.$4oth
=700  1\$aKuusk, Mart$4oth
=700  1\$aKuusk, Priit.$4oth
=700  1\$aNiglas, Liivo.$4oth
=700  1\$aRütman, Tanel.$4oth
=700  1\$aShou, Grace$4oth
=773  0\$dWatertown, MA : Documentary Educational Resources (DER), 2004
=856  40$uhttp://www.aspresolver.com/aspresolver.asp?ANTH;764426$yAlexander Street Press Ethnographic Video Online
=859  \\$aORR$bAlexander Street Press
=883  0\$aLanguage codes assigned by Bayesian analysis of words present in record$d20201028$qUk$c0.9010
=985  \\$aUpgraded by BSS-generated file for WR2011-1472
=CAT  \\$aWR13_071$b00$c20130610$lBLL01$h1613
=CAT  \\$aBATCH$b00$c20130610$lBLL01$h1613
=CAT  \\$aBATCH-UPD$b00$c20130610$lBLL01$h1621
=CAT  \\$aWR16_088$c20160606$lBLL01$h1632
=CAT  \\$aBATCH-UPD$b00$c20160606$lBLL01$h1632
=CAT  \\$aW1610-0368$c20161006$lBLL01$h0938
=CAT  \\$aW1606-1753$c20171028$lBLL01$h1351
=CAT  \\$aW2011-1472$b00$c20201127$lBLL01$h1833
=FIN  \\$aY$d20130610
=LAS  \\$aW2011-1472$b00$c20201127$lBLL01$h1833

