=LDR  02009 gm a2200481uu 4500
=001  016427666
=003  Uk
=005  20201127183322.0
=008  100813s1974\\\\xx\|||\|||||||||||mleng\d
=FMT  \\$a  VM
=035  \\$aASP764428/ant1
=245  00$aAfghanistan: Afghan Nomads - The Maldar
=260  \\$aWatertown, MA$bDocumentary Educational Resources (DER)$c1974
=306  \\$a20 minutes
=490  0\$aEthnographic Video Online, Volume 1
=505  00$aAt dawn a nomad caravan descends on Aq Kupruk from the foothills of the Hindu Kush. In their camp, and in commerce with the townspeople, the Maldar reveal the mixture of faith and distrust that has kept nomads and sedentary people separate and interdependent over the centuries.
=546  \\$aIn Pashto, Subtitles in English
=650  04$aKuchi
=650  04$aMaldar
=650  \4$aMigrant life
=650  \4$aIntercultural communication
=650  \4$aEducation
=650  \4$aReligion
=650  \4$aCultural identity
=650  \4$aCultural change and history
=700  1\$aMiller, Norman.$4pro
=700  1\$aDiGioia, Herbert$4aut
=700  1\$aDiGioia, Herbert$4drt
=700  1\$aKhan, Mohammad Ismail$4oth
=773  0\$dWatertown, MA : Documentary Educational Resources (DER), 1974
=856  40$uhttp://www.aspresolver.com/aspresolver.asp?ANTH;764428$yAlexander Street Press Ethnographic Video Online
=859  \\$aORR$bAlexander Street Press
=883  0\$aLanguage codes assigned by Bayesian analysis of words present in record$d20201028$qUk$c0.9010
=985  \\$aUpgraded by BSS-generated file for WR2011-1472
=CAT  \\$aWR13_071$b00$c20130610$lBLL01$h1613
=CAT  \\$aBATCH$b00$c20130610$lBLL01$h1613
=CAT  \\$aWR16_088$c20160606$lBLL01$h1632
=CAT  \\$aBATCH-UPD$b00$c20160606$lBLL01$h1632
=CAT  \\$aW1610-0368$c20161006$lBLL01$h0938
=CAT  \\$aW1606-1753$c20171028$lBLL01$h1351
=CAT  \\$aW2011-1472$b00$c20201127$lBLL01$h1833
=FIN  \\$aY$d20130610
=LAS  \\$aW2011-1472$b00$c20201127$lBLL01$h1833

