=LDR  02266 gm a2200469uu 4500
=001  016427667
=003  Uk
=005  20201127183322.0
=008  100813s1974\\\\xx\|||\|||||||||||mleng\d
=FMT  \\$a  VM
=035  \\$aASP764430/ant1
=245  00$aAfghanistan: Afghan Women
=260  \\$aWatertown, MA$bDocumentary Educational Resources (DER)$c1974
=306  \\$a17 minutes
=490  0\$aEthnographic Video Online, Volume 1
=505  00$aThe words of the women and the rhythm of their lives in the seclusion of family compounds suggests both the satisfying and the limiting aspects of a woman's role in a rural Afghan community. Filmed in the Balkh Province, an area inhabited by Tajik and other Central Asian peoples. The town of Aq Kupruk is approximately 320 miles northwest of Kabul.The theme of the film focuses on women. The film and accompaning instructor notes examine the economic, political, religious, and educational status of women, their legal and customary rights, and the degree of change in their actual and perceived roles.
=546  \\$aIn English
=650  04$aAfghan
=650  \4$aCultural participation
=650  \4$aGender roles
=650  \4$aEducation
=650  \4$aCultural change and history
=650  \4$aWomen
=700  1\$aMiller, Norman.$4pro
=700  1\$aDupree, Nancy$4aut
=700  1\$aPowell, Josephine.$4aut
=700  1\$aDupree, Nancy$4drt
=700  1\$aPowell, Josephine.$4drt
=773  0\$dWatertown, MA : Documentary Educational Resources (DER), 1974
=856  40$uhttp://www.aspresolver.com/aspresolver.asp?ANTH;764430$yAlexander Street Press Ethnographic Video Online
=859  \\$aORR$bAlexander Street Press
=883  0\$aLanguage codes assigned by Bayesian analysis of words present in record$d20201028$qUk$c0.9010
=985  \\$aUpgraded by BSS-generated file for WR2011-1472
=CAT  \\$aWR13_071$b00$c20130610$lBLL01$h1613
=CAT  \\$aBATCH$b00$c20130610$lBLL01$h1613
=CAT  \\$aWR16_088$c20160606$lBLL01$h1632
=CAT  \\$aBATCH-UPD$b00$c20160606$lBLL01$h1632
=CAT  \\$aW1610-0368$c20161006$lBLL01$h0938
=CAT  \\$aW1606-1753$c20171028$lBLL01$h1351
=CAT  \\$aW2011-1472$b00$c20201127$lBLL01$h1833
=FIN  \\$aY$d20130610
=LAS  \\$aW2011-1472$b00$c20201127$lBLL01$h1833

