=LDR  01963 gm a2200505uu 4500
=001  016427670
=003  Uk
=005  20201127183322.0
=008  100813s1975\\\\xx\|||\|||||||||||mleng\d
=FMT  \\$a  VM
=035  \\$aASP765598/ant1
=245  00$aAfghanistan: Wheat Cycle
=260  \\$aWatertown, MA$bDocumentary Educational Resources (DER)$c1975
=306  \\$a16 minutes
=490  0\$aEthnographic Video Online, Volume 1
=505  00$aThe people and their labor are bound to the land in the cycle of activities to the sowing to the harvesting of wheat. Without narration or subtitles, the film conveys a sense of unity between the people and the land.
=546  \\$aIn English
=650  04$aAfghan
=650  \4$aFarming
=650  \4$aHarvesting
=650  \4$aWheat
=650  \4$aAgriculture
=700  1\$aMiller, Norman.$4pro
=700  1\$aDiGioia, Herbert$4aut
=700  1\$aDupree, Louis$4aut
=700  1\$aDupree, Nancy$4aut
=700  1\$aHancock, David B.$4aut
=700  1\$aDiGioia, Herbert$4drt
=700  1\$aDupree, Louis$4drt
=700  1\$aDupree, Nancy$4drt
=700  1\$aHancock, David B.$4drt
=773  0\$dWatertown, MA : Documentary Educational Resources (DER), 1975
=856  40$uhttp://www.aspresolver.com/aspresolver.asp?ANTH;765598$yAlexander Street Press Ethnographic Video Online
=859  \\$aORR$bAlexander Street Press
=883  0\$aLanguage codes assigned by Bayesian analysis of words present in record$d20201028$qUk$c0.9010
=985  \\$aUpgraded by BSS-generated file for WR2011-1472
=CAT  \\$aWR13_071$b00$c20130610$lBLL01$h1613
=CAT  \\$aBATCH$b00$c20130610$lBLL01$h1613
=CAT  \\$aWR16_088$c20160606$lBLL01$h1632
=CAT  \\$aBATCH-UPD$b00$c20160606$lBLL01$h1632
=CAT  \\$aW1610-0368$c20161006$lBLL01$h0938
=CAT  \\$aW1606-1753$c20171028$lBLL01$h1351
=CAT  \\$aW2011-1472$b00$c20201127$lBLL01$h1833
=FIN  \\$aY$d20130610
=LAS  \\$aW2011-1472$b00$c20201127$lBLL01$h1833

