=LDR  02459 gm a2200469uu 4500
=001  016427671
=003  Uk
=005  20201127183322.0
=008  100813s9999\\\\xx\|||\|||||||||||mleng\d
=FMT  \\$a  VM
=035  \\$aASP1689310/ant1
=245  00$aAfrica I Remember
=260  \\$aNew York, NY$bFilmakers Library
=306  \\$a29 minutes
=490  0\$aEthnographic Video Online, Volume 1
=505  00$aTunde Jegede, a black musician and composer, bridges two classical traditions. His instrument is the Kora, an African harp lute whose roots are in the court of 13th century Mali. First introduced to the Kora in Britain by a Senegalese musician, Tunde later studied in the Gambia where he found himself immersed in its rich oral tradition. In this film, we follow him to the villages of West Africa where he learns from local musicians. We also see him perform his compositions with the London Sinfonietta. What is remarkable about Tunde's music is the way it combines West African and classical European traditions, bringing together a love of both cultures. Combining African experiences with Western structures, spontaneous composition with written musical notation, his "The Cycle of Reckoning" reflects on the legacy of the African slave trade.
=546  \\$aIn English
=600  14$aBach, Johann Sebastian,$d1685-1750.
=650  04$aAfrican
=650  \4$aFolk music
=650  \4$aMusic composition
=650  \4$aCultural identity
=650  \4$aEthnomusicology
=650  \4$aSlavery
=700  1\$aBalmer, Paul.$4pro
=700  1\$aBalmer, Paul.$4aut
=700  1\$aJuegede, Tunde$4oth
=773  0\$dNew York, NY : Filmakers Library
=856  40$uhttp://www.aspresolver.com/aspresolver.asp?ANTH;1689310$yAlexander Street Press Ethnographic Video Online
=859  \\$aORR$bAlexander Street Press
=883  0\$aLanguage codes assigned by Bayesian analysis of words present in record$d20201028$qUk$c0.9010
=985  \\$aUpgraded by BSS-generated file for WR2011-1472
=CAT  \\$aWR13_071$b00$c20130610$lBLL01$h1613
=CAT  \\$aBATCH$b00$c20130610$lBLL01$h1613
=CAT  \\$a11814$b40$c20130827$lBLL01$h1052
=CAT  \\$aBATCH-UPD$b40$c20160213$lBLL01$h1743
=CAT  \\$aWR16_088$c20160606$lBLL01$h1632
=CAT  \\$aW1610-0368$c20161006$lBLL01$h0938
=CAT  \\$aW1606-1753$c20171028$lBLL01$h1351
=CAT  \\$aW2011-1472$b00$c20201127$lBLL01$h1833
=FIN  \\$aY$d20130610
=LAS  \\$aW2011-1472$b00$c20201127$lBLL01$h1833

