=LDR  01944 gm a2200505uu 4500
=001  016427672
=003  Uk
=005  20201127183322.0
=008  100813s1974\\\\xx\|||\|||||||||||mleng\d
=FMT  \\$a  VM
=035  \\$aASP764432/ant1
=245  00$aAfrican Carving: A Dogon Kanaga Mask
=260  \\$aWatertown, MA$bDocumentary Educational Resources (DER)$c1974
=306  \\$a17 minutes
=490  0\$aEthnographic Video Online, Volume 1
=505  00$aThe Kanaga mask is used in deeply sacred rituals by the Dogon people of Mali. Carving this mask is as important a ritual as the ceremonies in which the mask is used.
=546  \\$aIn English
=650  04$aDogon
=650  \4$aCostumes
=650  \4$aCrafts
=650  \4$aTribal and national groups
=650  \4$aReligious faiths
=650  \4$aDance
=650  \4$aReligious rites and ceremonies
=650  \4$aCultural identity
=700  1\$aBlakely, Thomas$4aut
=700  1\$aElisofon, Eliot.$4aut
=700  1\$aGardner, Robert.$4aut
=700  1\$aBlakely, Thomas$4drt
=700  1\$aElisofon, Eliot.$4drt
=700  1\$aGardner, Robert.$4ctb
=773  0\$dWatertown, MA : Documentary Educational Resources (DER), 1974
=856  40$uhttp://www.aspresolver.com/aspresolver.asp?ANTH;764432$yAlexander Street Press Ethnographic Video Online
=859  \\$aORR$bAlexander Street Press
=883  0\$aLanguage codes assigned by Bayesian analysis of words present in record$d20201028$qUk$c0.9010
=985  \\$aUpgraded by BSS-generated file for WR2011-1472
=CAT  \\$aWR13_071$b00$c20130610$lBLL01$h1613
=CAT  \\$aBATCH$b00$c20130610$lBLL01$h1613
=CAT  \\$aWR16_088$c20160606$lBLL01$h1632
=CAT  \\$aBATCH-UPD$b00$c20160606$lBLL01$h1632
=CAT  \\$aW1610-0368$c20161006$lBLL01$h0938
=CAT  \\$aW1606-1753$c20171028$lBLL01$h1351
=CAT  \\$aW2011-1472$b00$c20201127$lBLL01$h1833
=FIN  \\$aY$d20130610
=LAS  \\$aW2011-1472$b00$c20201127$lBLL01$h1833

