=LDR  02236 gm a2200577uu 4500
=001  016427673
=003  Uk
=005  20201127183322.0
=008  100813s2004\\\\xx\|||\|||||||||||mleng\d
=FMT  \\$a  VM
=035  \\$aASP764434/ant1
=245  00$aAfrican Dance: Sand, Drum, and Shostakovich
=260  \\$aWatertown, MA$bDocumentary Educational Resources (DER)$c2004
=306  \\$a69 minutes
=490  0\$aEthnographic Video Online, Volume 1
=505  00$aThis documentary explores African contemporary dance through eight modern dance companies from Africa, Europe and Canada that participated in the Festival International de Nouvelle Danse in Montreal, Canada in 1999.
=546  \\$aIn English
=650  04$aAfrican
=650  \4$aMovement
=650  \4$aChoreographers
=650  \4$aDance theory
=650  \4$aExpression
=650  \4$aCultural change and history
=650  \4$aCultural identity
=700  1\$aGlazebrook, Ken.$4pro
=700  1\$aKovgan, Alla.$4pro
=700  1\$aGlazebrook, Ken.$4aut
=700  1\$aKovgan, Alla.$4aut
=700  1\$aGlazebrook, Ken.$4drt
=700  1\$aKovgan, Alla.$4drt
=700  1\$aAcogny, Germaine$4oth
=700  1\$aBoro, Seydou.$4oth
=700  1\$aKonaté, Yacouba$4oth
=700  1\$aLinke, Susanne.$4oth
=700  1\$aMantsoe, Vincent Sekwati Koko$4oth
=700  1\$aMonnier, Mathilde.$4oth
=700  1\$aTierou, Alponse$4oth
=773  0\$dWatertown, MA : Documentary Educational Resources (DER), 2004
=856  40$uhttp://www.aspresolver.com/aspresolver.asp?ANTH;764434$yAlexander Street Press Ethnographic Video Online
=859  \\$aORR$bAlexander Street Press
=883  0\$aLanguage codes assigned by Bayesian analysis of words present in record$d20201028$qUk$c0.9010
=985  \\$aUpgraded by BSS-generated file for WR2011-1472
=CAT  \\$aWR13_071$b00$c20130610$lBLL01$h1613
=CAT  \\$aBATCH$b00$c20130610$lBLL01$h1613
=CAT  \\$aWR16_088$c20160606$lBLL01$h1632
=CAT  \\$aBATCH-UPD$b00$c20160606$lBLL01$h1632
=CAT  \\$aW1610-0368$c20161006$lBLL01$h0938
=CAT  \\$aW1606-1753$c20171028$lBLL01$h1351
=CAT  \\$aW2011-1472$b00$c20201127$lBLL01$h1833
=FIN  \\$aY$d20130610
=LAS  \\$aW2011-1472$b00$c20201127$lBLL01$h1833

