=LDR  01291 gm a2200361uu 4500
=001  016427674
=003  Uk
=005  20201127183322.0
=008  100813s9999\\\\xx\|||\|||||||||||mleng\d
=FMT  \\$a  VM
=035  \\$aASP1879887/ant1
=245  00$aAfrican Slides
=260  \\$aWhite Plains, NY$bPrivately Published
=306  \\$a97 minutes
=490  0\$aEthnographic Video Online, Volume 1
=505  00$aIn English
=650  04$aAfrican
=650  \4$aCommunities
=650  \4$aDaily life
=650  \4$aField work for anthropology
=773  0\$dWhite Plains, NY : Privately Published
=856  40$uhttp://www.aspresolver.com/aspresolver.asp?ANTH;1879887$yAlexander Street Press Ethnographic Video Online
=859  \\$aORR$bAlexander Street Press
=883  0\$aLanguage codes assigned by Bayesian analysis of words present in record$d20201028$qUk$c0.9010
=985  \\$aUpgraded by BSS-generated file for WR2011-1472
=CAT  \\$aWR13_071$b00$c20130610$lBLL01$h1613
=CAT  \\$aBATCH$b00$c20130610$lBLL01$h1613
=CAT  \\$aWR16_088$c20160606$lBLL01$h1632
=CAT  \\$aW1610-0368$c20161006$lBLL01$h0938
=CAT  \\$aW1606-1753$c20171028$lBLL01$h1351
=CAT  \\$aW2011-1472$b00$c20201127$lBLL01$h1833
=FIN  \\$aY$d20130610
=LAS  \\$aW2011-1472$b00$c20201127$lBLL01$h1833

