=LDR  01910 gm a2200457uu 4500
=001  016427675
=003  Uk
=005  20201127183322.0
=008  100813s1997\\\\xx\|||\|||||||||||mleng\d
=FMT  \\$a  VM
=035  \\$aASP908487/ant1
=245  00$aAfter Passing
=260  \\$aWatertown, MA$bDocumentary Educational Resources (DER)$c1997
=306  \\$a10 minutes
=490  0\$aEthnographic Video Online, Volume 1
=505  00$aThe East-West Highway was soon to be built in central Taiwan. It would pass through the village of Liu Ts'o, and many homes and rice paddies would be destroyed. The film maker Hu Tai-Li went back to her mother-in-law's village Liu Ts'o, where she did anthropological research from 1976-78, to preserve some images of life forever.
=546  \\$aIn Mandarin, Subtitles in English
=650  04$aTaiwanese
=650  \4$aFarming
=650  \4$aAgriculture
=650  \4$aEconomic development
=650  \4$aLand purchases
=650  \4$aFactories
=650  \4$aRoadbuilding
=700  1\$aHu, Tai-Li$4pro
=700  1\$aHu, Tai-Li$4aut
=700  1\$aHu, Tai-Li$4drt
=700  1\$aHu, Tai-Li$4oth
=773  0\$dWatertown, MA : Documentary Educational Resources (DER), 1997
=856  40$uhttp://www.aspresolver.com/aspresolver.asp?ANTH;908487$yAlexander Street Press Ethnographic Video Online
=859  \\$aORR$bAlexander Street Press
=883  0\$aLanguage codes assigned by Bayesian analysis of words present in record$d20201028$qUk$c0.9010
=985  \\$aUpgraded by BSS-generated file for WR2011-1472
=CAT  \\$aWR13_071$b00$c20130610$lBLL01$h1613
=CAT  \\$aBATCH$b00$c20130610$lBLL01$h1613
=CAT  \\$aWR16_088$c20160606$lBLL01$h1632
=CAT  \\$aW1610-0368$c20161006$lBLL01$h0938
=CAT  \\$aW1606-1753$c20171028$lBLL01$h1351
=CAT  \\$aW2011-1472$b00$c20201127$lBLL01$h1833
=FIN  \\$aY$d20130610
=LAS  \\$aW2011-1472$b00$c20201127$lBLL01$h1833

