=LDR  02598 gm a2200565uu 4500
=001  016427677
=003  Uk
=005  20201127183322.0
=008  100813s2004\\\\xx\|||\|||||||||||mleng\d
=FMT  \\$a  VM
=035  \\$aASP764438/ant1
=245  00$aAftertaste
=260  \\$aWatertown, MA$bDocumentary Educational Resources (DER)$c2004
=306  \\$a35 minutes
=490  0\$aEthnographic Video Online, Volume 1
=505  00$aWine has been made in the Western Cape region of South Africa for over 300 years. At first, slaves and indigenous Khoisan worked the vineyards owned by white European settlers. Classified as "Coloureds," the descendants of these laborers have continued to work these vineyards for generations. Until recently, they could not own the houses they lived in, and were paid for their labor partly in alcohol. This instituted form of abuse - called the dop system - was designed by wine farm owners to encourage alcohol dependency in their workers so that they would not leave the farm to look for work elsewhere.
=546  \\$aIn English, Subtitles in English
=650  04$aKhoisan
=650  04$aSouth African
=650  \4$aCultural change and history
=650  \4$aEconomics
=650  \4$aWine
=650  \4$aAgriculture
=650  \4$aColonialism
=650  \4$aHuman rights
=650  \4$aRacial integration
=700  1\$aDovey, Ceridwen.$4pro
=700  1\$aDovey, Ceridwen.$4aut
=700  1\$aDovey, Ceridwen.$4drt
=700  1\$aBooysen, Johan.$4oth
=700  1\$aLotter, Andries$4oth
=700  1\$aLotter, Lilly$4oth
=700  1\$aVan der Merwe, Jaco.$4oth
=700  1\$avan der Westhuizen, Loala$4oth
=773  0\$dWatertown, MA : Documentary Educational Resources (DER), 2004
=856  40$uhttp://www.aspresolver.com/aspresolver.asp?ANTH;764438$yAlexander Street Press Ethnographic Video Online
=859  \\$aORR$bAlexander Street Press
=883  0\$aLanguage codes assigned by Bayesian analysis of words present in record$d20201028$qUk$c0.9010
=985  \\$aUpgraded by BSS-generated file for WR2011-1472
=CAT  \\$aWR13_071$b00$c20130610$lBLL01$h1613
=CAT  \\$aBATCH$b00$c20130610$lBLL01$h1613
=CAT  \\$aBATCH-UPD$b00$c20150101$lBLL01$h0110
=CAT  \\$aWR16_088$c20160606$lBLL01$h1632
=CAT  \\$aBATCH-UPD$b00$c20160606$lBLL01$h1632
=CAT  \\$aW1610-0368$c20161006$lBLL01$h0938
=CAT  \\$aBATCH-UPD$b00$c20161128$lBLL01$h2017
=CAT  \\$aW1606-1753$c20171028$lBLL01$h1351
=CAT  \\$aW2011-1472$b00$c20201127$lBLL01$h1833
=FIN  \\$aY$d20130610
=LAS  \\$aW2011-1472$b00$c20201127$lBLL01$h1833

