=LDR  02415 gm a2200625uu 4500
=001  016427678
=003  Uk
=005  20201127183322.0
=008  100813s2003\\\\xx\|||\|||||||||||mleng\d
=FMT  \\$a  VM
=035  \\$aASP764442/ant1
=245  00$aAjishama, The White Ibis
=260  \\$aWatertown, MA$bDocumentary Educational Resources (DER)$c2003
=306  \\$a85 minutes
=490  0\$aEthnographic Video Online, Volume 1
=505  00$aShot in Venezuela over a 30-year period, this documentary depicts the life and work of José Maria Korta, the controversial Jesuit Missionary with the indigenous people of the Amazon.
=546  \\$aIn Spanish, Subtitles in English
=650  04$aYecuana
=650  \4$aCultural assimilation
=650  \4$aSchools
=650  \4$aCultural identity
=650  \4$aEconomic development
=650  \4$aCultural change and history
=650  \4$aTribal and national groups
=650  \4$aMissionaries
=700  1\$aDickinson, John.$4pro
=700  1\$aDickinson, John.$4aut
=700  1\$aDickinson, John.$4drt
=700  1\$aCantele, Hector$4oth
=700  1\$aCastellot, Ignacio$4oth
=700  1\$aColinas, José A.$4oth
=700  1\$aGoñi, Alejandro$4oth
=700  1\$aKorta, José Maria$4oth
=700  1\$aQuintero, Henry$4oth
=700  1\$aRodríguez, Antonio.$4oth
=700  1\$aRodríguez, Isaías.$4oth
=700  1\$aRodriguez, Noel.$4oth
=700  1\$aSarmiento, Virgilio$4oth
=700  1\$aVa$4oth
=773  0\$dWatertown, MA : Documentary Educational Resources (DER), 2003
=856  40$uhttp://www.aspresolver.com/aspresolver.asp?ANTH;764442$yAlexander Street Press Ethnographic Video Online
=859  \\$aORR$bAlexander Street Press
=883  0\$aLanguage codes assigned by Bayesian analysis of words present in record$d20201028$qUk$c0.9010
=985  \\$aUpgraded by BSS-generated file for WR2011-1472
=CAT  \\$aWR13_071$b00$c20130610$lBLL01$h1613
=CAT  \\$aBATCH$b00$c20130610$lBLL01$h1613
=CAT  \\$aBATCH-UPD$b00$c20130610$lBLL01$h1613
=CAT  \\$aBATCH-UPD$b00$c20130720$lBLL01$h2021
=CAT  \\$aWR16_088$c20160606$lBLL01$h1632
=CAT  \\$aBATCH-UPD$b00$c20160606$lBLL01$h1632
=CAT  \\$aW1610-0368$c20161006$lBLL01$h0938
=CAT  \\$aW1606-1753$c20171028$lBLL01$h1351
=CAT  \\$aW2011-1472$b00$c20201127$lBLL01$h1833
=FIN  \\$aY$d20130610
=LAS  \\$aW2011-1472$b00$c20201127$lBLL01$h1833

