=LDR  01922 gm a2200457uu 4500
=001  016427679
=003  Uk
=005  20201127183322.0
=008  100813s1999\\\\xx\|||\|||||||||||mleng\d
=FMT  \\$a  VM
=035  \\$aASP765322/ant1
=245  00$aThe Akha Way
=260  \\$aWatertown, MA$bDocumentary Educational Resources (DER)$c1999
=306  \\$a25 minutes
=490  0\$aEthnographic Video Online, Volume 1
=505  00$aFor over a thousand years, the Akha people have inhabited the hills of Asia - mainly Southern China, Burma and Northern Thailand. The Akha Way or Akhazaunh, is the code by which they live. This documentary describes their origins and their culture.
=546  \\$aIn English
=650  04$aAkha
=650  \4$aCultural change and history
=650  \4$aReligious beliefs
=650  \4$aCultural identity
=650  \4$aTribal and national groups
=700  1\$aHainsfurther, Sharon.$4pro
=700  1\$aFlannery, Mary,$d1956-
=700  1\$aHainsfurther, Sharon.$4aut
=700  1\$aHainsfurther, Sharon.$4drt
=773  0\$dWatertown, MA : Documentary Educational Resources (DER), 1999
=856  40$uhttp://www.aspresolver.com/aspresolver.asp?ANTH;765322$yAlexander Street Press Ethnographic Video Online
=859  \\$aORR$bAlexander Street Press
=883  0\$aLanguage codes assigned by Bayesian analysis of words present in record$d20201028$qUk$c0.9010
=985  \\$aUpgraded by BSS-generated file for WR2011-1472
=CAT  \\$aWR13_071$b00$c20130610$lBLL01$h1613
=CAT  \\$aBATCH$b00$c20130610$lBLL01$h1613
=CAT  \\$a8962$b40$c20140919$lBLL01$h0858
=CAT  \\$aWR16_088$c20160606$lBLL01$h1632
=CAT  \\$aBATCH-UPD$b00$c20160606$lBLL01$h1632
=CAT  \\$aW1610-0368$c20161006$lBLL01$h0938
=CAT  \\$aW1606-1753$c20171028$lBLL01$h1351
=CAT  \\$aW2011-1472$b00$c20201127$lBLL01$h1833
=FIN  \\$aY$d20130610
=LAS  \\$aW2011-1472$b00$c20201127$lBLL01$h1833

