=LDR  01956 gm a2200481uu 4500
=001  016427681
=003  Uk
=005  20201127183322.0
=008  100813s1976\\\\xx\|||\|||||||||||mleng\d
=FMT  \\$a  VM
=035  \\$aASP764444/ant1
=245  00$aAltar of Fire
=260  \\$aWatertown, MA$bDocumentary Educational Resources (DER)$c1976
=306  \\$a45 minutes
=490  0\$aEthnographic Video Online, Volume 1
=505  00$aThis film records a 12 day ritual performed by Mambudiri Brahmins in Kerala, southwest India, in April 1975. This event was possibly the last performance of the Agnicayana, a Vedic ritual of sacrifice dating back 3,000 years and probably the oldest surviving human ritual.
=546  \\$aIn English
=650  04$aNambudiri
=650  \4$aCultural change and history
=650  \4$aLinguistics
=650  \4$aAnthropology
=650  \4$aVedas
=650  \4$aReligion
=650  \4$aReligious rites and ceremonies
=700  1\$aGardner, Robert.$4pro
=700  1\$aGardner, Robert.$4aut
=700  1\$aStaal, J. F.$4aut
=700  1\$aGardner, Robert.$4drt
=700  1\$aStaal, J. F.$4drt
=773  0\$dWatertown, MA : Documentary Educational Resources (DER), 1976
=856  40$uhttp://www.aspresolver.com/aspresolver.asp?ANTH;764444$yAlexander Street Press Ethnographic Video Online
=859  \\$aORR$bAlexander Street Press
=883  0\$aLanguage codes assigned by Bayesian analysis of words present in record$d20201028$qUk$c0.9010
=985  \\$aUpgraded by BSS-generated file for WR2011-1472
=CAT  \\$aWR13_071$b00$c20130610$lBLL01$h1613
=CAT  \\$aBATCH$b00$c20130610$lBLL01$h1613
=CAT  \\$aWR16_088$c20160606$lBLL01$h1632
=CAT  \\$aBATCH-UPD$b00$c20160606$lBLL01$h1632
=CAT  \\$aW1610-0368$c20161006$lBLL01$h0938
=CAT  \\$aW1606-1753$c20171028$lBLL01$h1351
=CAT  \\$aW2011-1472$b00$c20201127$lBLL01$h1833
=FIN  \\$aY$d20130610
=LAS  \\$aW2011-1472$b00$c20201127$lBLL01$h1833

