=LDR  01963 gm a2200409uu 4500
=001  016427682
=003  Uk
=005  20201127183322.0
=008  100813s2005\\\\xx\|||\|||||||||||mleng\d
=FMT  \\$a  VM
=035  \\$aASP1870863/ant1
=245  00$aAmazon Games
=260  \\$aParis, France$bZED$c2005
=306  \\$a65 minutes
=490  0\$aEthnographic Video Online, Volume 1
=505  00$aOnce a year, an Olympic flame is lit in Brazil announcing the opening of the Indigenous Games, the Games of the Amazon.This year, the event takes place in Porto Seguro, with 800 athletes from 30 different indigenous groups competing in traditional sports."The Amazon Games" tells the story of two tribes, the Matis people and the Enawenes Nawes Indians, who will embark upon the journey of a lifetime to take part in an amazing adventure.Two tribes, two voyages, two incredible adventures, with one unique goal: participate in the Games and win !
=546  \\$aIn English, Subtitles in English
=650  04$aEnawene Nawe
=650  04$aMatis
=650  \4$aAthletic events
=650  \4$aAmerican Indians
=650  \4$aTribal and national groups
=650  \4$aCultural identity
=700  1\$aLeonardelli, Sandrine$4drt
=773  0\$dParis, France : ZED, 2005
=856  40$uhttp://www.aspresolver.com/aspresolver.asp?ANTH;1870863$yAlexander Street Press Ethnographic Video Online
=859  \\$aORR$bAlexander Street Press
=883  0\$aLanguage codes assigned by Bayesian analysis of words present in record$d20201028$qUk$c0.9010
=985  \\$aUpgraded by BSS-generated file for WR2011-1472
=CAT  \\$aWR13_071$b00$c20130610$lBLL01$h1613
=CAT  \\$aBATCH$b00$c20130610$lBLL01$h1613
=CAT  \\$aWR16_088$c20160606$lBLL01$h1632
=CAT  \\$aW1610-0368$c20161006$lBLL01$h0938
=CAT  \\$aW1606-1753$c20171028$lBLL01$h1351
=CAT  \\$aW2011-1472$b00$c20201127$lBLL01$h1833
=FIN  \\$aY$d20130610
=LAS  \\$aW2011-1472$b00$c20201127$lBLL01$h1833

