=LDR  02658 gm a2200433uu 4500
=001  016427683
=003  Uk
=005  20201127183322.0
=008  100813s1995\\\\xx\|||\|||||||||||mleng\d
=FMT  \\$a  VM
=035  \\$aASP1785194/ant1
=245  00$aAmazon Journal
=260  \\$aNew York, NY$bFilmakers Library$c1995
=306  \\$a59 minutes
=490  0\$aEthnographic Video Online, Volume 1
=520  3\$aGeoffrey O'Connor, the filmmaker of Contact and At The Edge of Conquest has produced this fascinating chronicle of recent political events in the Brazilian Amazon. Beginning with the assassination of Chico Mendes in 1988 and ending with a return trip to Yanomami Territory in 1995, this six year journey provides an illuminating perspective on the volatile changes of this era. Besides documenting events, O'Connor analyzes the complex interaction between semi-isolated indigenous societies and "outsiders." In collaboration with Brazilian anthropologist Alcida Ramos, he explores the return of the "noble savage phenomena", wherein outsiders created misleading illusions about Indian societies. This cultural confusion explains many of the region's tragic events. This insightful look at the Amazon includes exclusive sequences of the events surrounding the massacre of a village of Yanomami Indians, the demarcation of Kayapo Territory, and the rock star Sting's frank assessment of his own involvement in rain forest politics. This new release from a veteran observer of the Amazon scene sheds new light on cultural confrontation.
=546  \\$aIn English
=650  04$aYanomamö
=650  \4$aStereotypes
=650  \4$aCultural assimilation
=650  \4$aCultural identity
=650  \4$aTribal and national groups
=700  1\$aO'Connor, Geoffrey.$4pro
=700  1\$aO'Connor, Geoffrey.$4drt
=700  1\$aRamos, Alcida$4ctb
=773  0\$dNew York, NY : Filmakers Library, 1995
=856  40$uhttp://www.aspresolver.com/aspresolver.asp?ANTH;1785194$yAlexander Street Press Ethnographic Video Online
=859  \\$aORR$bAlexander Street Press
=883  0\$aLanguage codes assigned by Bayesian analysis of words present in record$d20201028$qUk$c0.9010
=985  \\$aUpgraded by BSS-generated file for WR2011-1472
=CAT  \\$aWR13_071$b00$c20130610$lBLL01$h1613
=CAT  \\$aBATCH$b00$c20130610$lBLL01$h1613
=CAT  \\$aWR16_088$c20160606$lBLL01$h1632
=CAT  \\$aBATCH-UPD$b00$c20160606$lBLL01$h1632
=CAT  \\$aW1610-0368$c20161006$lBLL01$h0938
=CAT  \\$aW1606-1753$c20171028$lBLL01$h1351
=CAT  \\$aW2011-1472$b00$c20201127$lBLL01$h1833
=FIN  \\$aY$d20130610
=LAS  \\$aW2011-1472$b00$c20201127$lBLL01$h1833

