=LDR  01959 gm a2200469uu 4500
=001  016427684
=003  Uk
=005  20201127183322.0
=008  100813s2003\\\\xx\|||\|||||||||||mleng\d
=FMT  \\$a  VM
=035  \\$aASP764440/ant1
=245  00$aAmazon Projects: Agenda 31
=260  \\$aWatertown, MA$bDocumentary Educational Resources (DER)$c2003
=306  \\$a49 minutes
=490  0\$aEthnographic Video Online, Volume 1
=505  00$a"This land is ours, we must make sure it is not destroyed." By combining traditional knowledge and new technologies, the Acre State Training Program of the Forest Indigenous Agents looks to protect and effectively manage natural resources. The
=546  \\$aIn Portuguese, Subtitles in English
=650  04$aAmerican Indian
=650  \4$aEnvironment
=650  \4$aReptiles and amphibians
=650  \4$aPlanting
=650  \4$aForests
=650  \4$aTribal and national groups
=700  1\$aCarelli, Vincent.$4aut
=700  1\$aCorrêa, Mari.$4aut
=700  1\$aCarelli, Vincent.$4drt
=700  1\$aCorrêa, Mari.$4drt
=773  0\$dWatertown, MA : Documentary Educational Resources (DER), 2003
=856  40$uhttp://www.aspresolver.com/aspresolver.asp?ANTH;764440$yAlexander Street Press Ethnographic Video Online
=859  \\$aORR$bAlexander Street Press
=883  0\$aLanguage codes assigned by Bayesian analysis of words present in record$d20201028$qUk$c0.9010
=985  \\$aUpgraded by BSS-generated file for WR2011-1472
=CAT  \\$aWR13_071$b00$c20130610$lBLL01$h1613
=CAT  \\$aBATCH$b00$c20130610$lBLL01$h1613
=CAT  \\$aWR16_088$c20160606$lBLL01$h1632
=CAT  \\$aBATCH-UPD$b00$c20160606$lBLL01$h1632
=CAT  \\$aW1610-0368$c20161006$lBLL01$h0938
=CAT  \\$aW1606-1753$c20171028$lBLL01$h1351
=CAT  \\$aBATCH-UPD$b00$c20180517$lBLL01$h2051
=CAT  \\$aW2011-1472$b00$c20201127$lBLL01$h1833
=FIN  \\$aY$d20130610
=LAS  \\$aW2011-1472$b00$c20201127$lBLL01$h1833

