=LDR  01848 gm a2200433uu 4500
=001  016427685
=003  Uk
=005  20201127183322.0
=008  100813s1996\\\\xx\|||\|||||||||||mleng\d
=FMT  \\$a  VM
=035  \\$aASP765248/ant1
=245  00$aAmazon Projects: Signs Don't Speak
=260  \\$aWatertown, MA$bDocumentary Educational Resources (DER)$c1996
=306  \\$a27 minutes
=490  0\$aEthnographic Video Online, Volume 1
=505  00$aThe Waiãpi Indians reflect on how their concept of territory has changed since the arrival of gold prospectors in the 1970s. They recognize a need to demarcate their land in order to prevent destruction of the forest by outsiders.
=650  04$aWaiÃ£pi
=650  \4$aProperty rights
=650  \4$aPolitical boundaries
=650  \4$aCultural change and history
=650  \4$aTribal and national groups
=700  1\$aCarelli, Vincent.$4aut
=700  1\$aGallois, Dominique$4aut
=700  1\$aCarelli, Vincent.$4drt
=700  1\$aGallois, Dominique$4drt
=773  0\$dWatertown, MA : Documentary Educational Resources (DER), 1996
=856  40$uhttp://www.aspresolver.com/aspresolver.asp?ANTH;765248$yAlexander Street Press Ethnographic Video Online
=859  \\$aORR$bAlexander Street Press
=883  0\$aLanguage codes assigned by Bayesian analysis of words present in record$d20201028$qUk$c0.9010
=985  \\$aUpgraded by BSS-generated file for WR2011-1472
=CAT  \\$aWR13_071$b00$c20130610$lBLL01$h1613
=CAT  \\$aBATCH$b00$c20130610$lBLL01$h1613
=CAT  \\$aWR16_088$c20160606$lBLL01$h1632
=CAT  \\$aBATCH-UPD$b00$c20160606$lBLL01$h1632
=CAT  \\$aW1610-0368$c20161006$lBLL01$h0938
=CAT  \\$aW1606-1753$c20171028$lBLL01$h1351
=CAT  \\$aW2011-1472$b00$c20201127$lBLL01$h1833
=FIN  \\$aY$d20130610
=LAS  \\$aW2011-1472$b00$c20201127$lBLL01$h1833

