=LDR  01814 gm a2200529uu 4500
=001  016427687
=003  Uk
=005  20201127183322.0
=008  100813s2008\\\\xx\|||\|||||||||||mleng\d
=FMT  \\$a  VM
=035  \\$aASP1647015/ant1
=245  00$aAmazon With Bruce Parry, Episode 2
=260  \\$aLondon, England$bBritish Broadcasting Corporation (BBC)$c2008
=306  \\$a52 minutes
=490  0\$aEthnographic Video Online, Volume 1
=505  00$aIn English
=650  04$aAchuar
=650  \4$aHolidays
=650  \4$aHoliday celebrations
=650  \4$aPlants
=650  \4$aVisions
=650  \4$aPollution
=650  \4$aOil mining
=650  \4$aCultural identity
=650  \4$aProperty
=650  \4$aTribal and national groups
=650  \4$aBrazilian people
=650  \4$aLocal populations
=700  1\$aBrandon, Matt.$4pro
=700  1\$aParry, Bruce.$4aut
=700  1\$aRobinson, Steve.$4drt
=700  1\$aSaris$4oth
=700  1\$aParry, Bruce.$4nrt
=773  0\$dLondon, England : British Broadcasting Corporation (BBC), 2008
=856  40$uhttp://www.aspresolver.com/aspresolver.asp?ANTH;1647015$yAlexander Street Press Ethnographic Video Online
=859  \\$aORR$bAlexander Street Press
=883  0\$aLanguage codes assigned by Bayesian analysis of words present in record$d20201028$qUk$c0.9010
=985  \\$aUpgraded by BSS-generated file for WR2011-1472
=CAT  \\$aWR13_071$b00$c20130610$lBLL01$h1613
=CAT  \\$aBATCH$b00$c20130610$lBLL01$h1613
=CAT  \\$aWR16_088$c20160606$lBLL01$h1632
=CAT  \\$aBATCH-UPD$b00$c20160606$lBLL01$h1632
=CAT  \\$aW1610-0368$c20161006$lBLL01$h0938
=CAT  \\$aW1606-1753$c20171028$lBLL01$h1351
=CAT  \\$aW2011-1472$b00$c20201127$lBLL01$h1833
=FIN  \\$aY$d20130610
=LAS  \\$aW2011-1472$b00$c20201127$lBLL01$h1833

