=LDR  01802 gm a2200517uu 4500
=001  016427689
=003  Uk
=005  20201127183322.0
=008  100813s2008\\\\xx\|||\|||||||||||mleng\d
=FMT  \\$a  VM
=035  \\$aASP1647019/ant1
=245  00$aAmazon With Bruce Parry, Episode 4
=260  \\$aLondon, England$bBritish Broadcasting Corporation (BBC)$c2008
=306  \\$a51 minutes
=490  0\$aEthnographic Video Online, Volume 1
=505  00$aIn English
=650  04$aRibeirinhos
=650  \4$aCultural identity
=650  \4$aSoccer
=650  \4$aPlants
=650  \4$aMarine life
=650  \4$aCommercial fishing
=650  \4$aIllegal drugs
=650  \4$aRiverboat trips
=650  \4$aTribal and national groups
=650  \4$aLocal populations
=650  \4$aBrazilian people
=700  1\$aBrandon, Matt.$4pro
=700  1\$aParry, Bruce.$4aut
=700  1\$aBrandon, Matt.$4drt
=700  1\$aBranco$4oth
=700  1\$aParry, Bruce.$4nrt
=773  0\$dLondon, England : British Broadcasting Corporation (BBC), 2008
=856  40$uhttp://www.aspresolver.com/aspresolver.asp?ANTH;1647019$yAlexander Street Press Ethnographic Video Online
=859  \\$aORR$bAlexander Street Press
=883  0\$aLanguage codes assigned by Bayesian analysis of words present in record$d20201028$qUk$c0.9010
=985  \\$aUpgraded by BSS-generated file for WR2011-1472
=CAT  \\$aWR13_071$b00$c20130610$lBLL01$h1613
=CAT  \\$aBATCH$b00$c20130610$lBLL01$h1613
=CAT  \\$aWR16_088$c20160606$lBLL01$h1632
=CAT  \\$aBATCH-UPD$b00$c20160606$lBLL01$h1632
=CAT  \\$aW1610-0368$c20161006$lBLL01$h0938
=CAT  \\$aW1606-1753$c20171028$lBLL01$h1351
=CAT  \\$aW2011-1472$b00$c20201127$lBLL01$h1833
=FIN  \\$aY$d20130610
=LAS  \\$aW2011-1472$b00$c20201127$lBLL01$h1833

