=LDR  01758 gm a2200505uu 4500
=001  016427690
=003  Uk
=005  20201127183322.0
=008  100813s2008\\\\xx\|||\|||||||||||mleng\d
=FMT  \\$a  VM
=035  \\$aASP1647021/ant1
=245  00$aAmazon With Bruce Parry, Episode 5
=260  \\$aLondon, England$bBritish Broadcasting Corporation (BBC)$c2008
=306  \\$a51 minutes
=490  0\$aEthnographic Video Online, Volume 1
=505  00$aIn English
=650  04$aBrazilian
=650  \4$aScientific research
=650  \4$aPollution
=650  \4$aPersonal finances
=650  \4$aBrazilian people
=650  \4$aLocal populations
=650  \4$aGold
=650  \4$aMining communities
=650  \4$aGold mining
=650  \4$aGold rushes
=700  1\$aSmith, James.$4pro
=700  1\$aParry, Bruce.$4aut
=700  1\$aSmith, James.$4drt
=700  1\$aHussia$4oth
=700  1\$aParry, Bruce.$4nrt
=773  0\$dLondon, England : British Broadcasting Corporation (BBC), 2008
=856  40$uhttp://www.aspresolver.com/aspresolver.asp?ANTH;1647021$yAlexander Street Press Ethnographic Video Online
=859  \\$aORR$bAlexander Street Press
=883  0\$aLanguage codes assigned by Bayesian analysis of words present in record$d20201028$qUk$c0.9010
=985  \\$aUpgraded by BSS-generated file for WR2011-1472
=CAT  \\$aWR13_071$b00$c20130610$lBLL01$h1613
=CAT  \\$aBATCH$b00$c20130610$lBLL01$h1613
=CAT  \\$aWR16_088$c20160606$lBLL01$h1632
=CAT  \\$aBATCH-UPD$b00$c20160606$lBLL01$h1632
=CAT  \\$aW1610-0368$c20161006$lBLL01$h0938
=CAT  \\$aW1606-1753$c20171028$lBLL01$h1351
=CAT  \\$aW2011-1472$b00$c20201127$lBLL01$h1833
=FIN  \\$aY$d20130610
=LAS  \\$aW2011-1472$b00$c20201127$lBLL01$h1833

