=LDR  01601 gm a2200385uu 4500
=001  016427692
=003  Uk
=005  20201127183322.0
=008  100813s2007\\\\xx\|||\|||||||||||mleng\d
=FMT  \\$a  VM
=035  \\$aASP764446/ant1
=245  00$aAmerican Fair
=260  \\$aWatertown, MA$bDocumentary Educational Resources (DER)$c2007
=306  \\$a83 minutes
=490  0\$aEthnographic Video Online, Volume 1
=505  00$aAmerican Fair is an intimate study of the hard-working farmers of York County, Maine, facing a vanishing way of life, their knowledge of land and beast, commitment to tradition and community - interdependent and pulling together.
=546  \\$aIn English
=650  04$aAmerican
=650  \4$aFarm management
=650  \4$aFarm workers
=650  \4$aFarming
=700  1\$aWidmer, Rick$4drt
=773  0\$dWatertown, MA : Documentary Educational Resources (DER), 2007
=856  40$uhttp://www.aspresolver.com/aspresolver.asp?ANTH;764446$yAlexander Street Press Ethnographic Video Online
=859  \\$aORR$bAlexander Street Press
=883  0\$aLanguage codes assigned by Bayesian analysis of words present in record$d20201028$qUk$c0.9010
=985  \\$aUpgraded by BSS-generated file for WR2011-1472
=CAT  \\$aWR13_071$b00$c20130610$lBLL01$h1613
=CAT  \\$aBATCH$b00$c20130610$lBLL01$h1613
=CAT  \\$aWR16_088$c20160606$lBLL01$h1632
=CAT  \\$aW1610-0368$c20161006$lBLL01$h0938
=CAT  \\$aW1606-1753$c20171028$lBLL01$h1351
=CAT  \\$aW2011-1472$b00$c20201127$lBLL01$h1833
=FIN  \\$aY$d20130610
=LAS  \\$aW2011-1472$b00$c20201127$lBLL01$h1833

