=LDR  02738 gm a2200481uu 4500
=001  016427693
=003  Uk
=005  20201127183322.0
=008  100813s2007\\\\xx\|||\|||||||||||mleng\d
=FMT  \\$a  VM
=035  \\$aASP1779498/ant1
=245  00$aAmerican Fair
=260  \\$aWatertown, MA$bDocumentary Educational Resources (DER)$c2007
=306  \\$a83 minutes
=490  0\$aEthnographic Video Online, Volume 1
=505  00$aAmerican FairAmerican Fair is an intimate study of the hard-working farmers of York County, Maine, facing a vanishing way of life, their knowledge of land and beast, commitment to tradition and community - interdependent and pulling together.At the 140th fair in Acton, farmers congregate in the spirit of both co-operation and rivalry. Families show off their finest handicrafts, agricultural produce and livestock. Teamsters compete to see whose animal is the strongest and whose daughter the most beautiful. Through the voices of farmers and townspeople, vendors and carnival workers, a portrait of a community joining together in celebration of the honest, hard-working agricultural traditions of the region is revealed. Fathers and sons, knowledge of land and beast, carnival workers and strange stories, country girls, ox-pulling, dairy showing, beauty pageants, a pig scramble and more! This feature-length ethnographic documentary quietly reveals the agricultural heritage of the region and opens our eyes to a wholesome side of American culture - as people of the earth.
=546  \\$aIn English
=650  04$aAmerican
=650  \4$aFarmers
=650  \4$aFarm life
=650  \4$aContests and competitions
=650  \4$aFairs
=650  \4$aCattle
=700  1\$aWidmer, Rick$4aut
=700  1\$aWidmer, Rick$4drt
=700  1\$aGoodrich, Greg$4oth
=700  1\$aGoodrich, Tyler$4oth
=700  1\$aRidley, Nick.$4oth
=700  1\$aRidley, Roger T.$4oth
=773  0\$dWatertown, MA : Documentary Educational Resources (DER), 2007
=856  40$uhttp://www.aspresolver.com/aspresolver.asp?ANTH;1779498$yAlexander Street Press Ethnographic Video Online
=859  \\$aORR$bAlexander Street Press
=883  0\$aLanguage codes assigned by Bayesian analysis of words present in record$d20201028$qUk$c0.9010
=985  \\$aUpgraded by BSS-generated file for WR2011-1472
=CAT  \\$aWR13_071$b00$c20130610$lBLL01$h1613
=CAT  \\$aBATCH$b00$c20130610$lBLL01$h1613
=CAT  \\$aWR16_088$c20160606$lBLL01$h1632
=CAT  \\$aBATCH-UPD$b00$c20160606$lBLL01$h1633
=CAT  \\$aW1610-0368$c20161006$lBLL01$h0938
=CAT  \\$aW1606-1753$c20171028$lBLL01$h1351
=CAT  \\$aW2011-1472$b00$c20201127$lBLL01$h1833
=FIN  \\$aY$d20130610
=LAS  \\$aW2011-1472$b00$c20201127$lBLL01$h1833

