=LDR  02072 gm a2200517uu 4500
=001  016427694
=003  Uk
=005  20201127183322.0
=008  100813s1985\\\\xx\|||\|||||||||||mleng\d
=FMT  \\$a  VM
=035  \\$aASP764448/ant1
=245  00$aAmir: An Afghan Refugee Musician's Life in Peshawar, Pakistan
=260  \\$aWatertown, MA$bDocumentary Educational Resources (DER)$c1985
=306  \\$a53 minutes
=490  0\$aEthnographic Video Online, Volume 1
=505  00$aThis film portrays aspects of an Afghan refugee's life - his living conditions in Peshawar and his longing to return to Herat. It is also about Amir's life as a professional musician and his relationships with other musicians in Peshawar.
=546  \\$aIn English, Subtitles in English
=650  04$aPakistani
=650  04$aAfghan
=650  \4$aEconomic conditions
=650  \4$aCultural change and history
=650  \4$aIslam
=650  \4$aEthnomusicology
=650  \4$aMusicians
=650  \4$aCultural identity
=650  \4$aRefugees
=700  1\$aBaily, John$4pro
=700  1\$aBaily, John$4aut
=700  1\$aBaily, John$4drt
=700  1\$aKhan, Shah Wali.$4oth
=700  1\$aMohammad, Amir.$4oth
=700  1\$aSultani, Ahmad Wali$4oth
=773  0\$dWatertown, MA : Documentary Educational Resources (DER), 1985
=856  40$uhttp://www.aspresolver.com/aspresolver.asp?ANTH;764448$yAlexander Street Press Ethnographic Video Online
=859  \\$aORR$bAlexander Street Press
=883  0\$aLanguage codes assigned by Bayesian analysis of words present in record$d20201028$qUk$c0.9010
=985  \\$aUpgraded by BSS-generated file for WR2011-1472
=CAT  \\$aWR13_071$b00$c20130610$lBLL01$h1613
=CAT  \\$aBATCH$b00$c20130610$lBLL01$h1613
=CAT  \\$aWR16_088$c20160606$lBLL01$h1632
=CAT  \\$aBATCH-UPD$b00$c20160606$lBLL01$h1633
=CAT  \\$aW1610-0368$c20161006$lBLL01$h0938
=CAT  \\$aW1606-1753$c20171028$lBLL01$h1351
=CAT  \\$aW2011-1472$b00$c20201127$lBLL01$h1833
=FIN  \\$aY$d20130610
=LAS  \\$aW2011-1472$b00$c20201127$lBLL01$h1833

