=LDR  01911 gm a2200385uu 4500
=001  016427696
=003  Uk
=005  20201127183322.0
=008  100813s2003\\\\xx\|||\|||||||||||mleng\d
=FMT  \\$a  VM
=035  \\$aASP1870858/ant1
=245  00$aApes
=260  \\$aParis, France$bZED$c2003
=306  \\$a52 minutes
=490  0\$aEthnographic Video Online, Volume 1
=505  00$aSome animals have always fascinated mankind for their mystery and power. Elephants, crocodiles, snakes, apes, big cats and sharks are feared as enemies in some cultures and admired as super beings in others.Whether part of our nightmares or greatest hopes, this fascination has pushed man to want to confront these great animals and has given birth to surprising legends and beliefs that still haunt us today.Impressive rituals, ceremonies and combat scenes are gathered into six incredible stories that explain the bond between tribal animals and human kind and why they are so present in our imaginations.
=546  \\$aIn English
=650  \4$aApes
=650  \4$aPrimates
=700  1\$aQueyrat, Jean$4drt
=700  1\$aSegur, Jérôme$4drt
=700  1\$aWenger, Allan$4nrt
=773  0\$dParis, France : ZED, 2003
=856  40$uhttp://www.aspresolver.com/aspresolver.asp?ANTH;1870858$yAlexander Street Press Ethnographic Video Online
=859  \\$aORR$bAlexander Street Press
=883  0\$aLanguage codes assigned by Bayesian analysis of words present in record$d20201028$qUk$c0.9010
=985  \\$aUpgraded by BSS-generated file for WR2011-1472
=CAT  \\$aWR13_071$b00$c20130610$lBLL01$h1613
=CAT  \\$aBATCH$b00$c20130610$lBLL01$h1613
=CAT  \\$aWR16_088$c20160606$lBLL01$h1632
=CAT  \\$aW1610-0368$c20161006$lBLL01$h0938
=CAT  \\$aW1606-1753$c20171028$lBLL01$h1351
=CAT  \\$aW2011-1472$b00$c20201127$lBLL01$h1833
=FIN  \\$aY$d20130610
=LAS  \\$aW2011-1472$b00$c20201127$lBLL01$h1833

