=LDR  02029 gm a2200529uu 4500
=001  016427697
=003  Uk
=005  20201127183322.0
=008  100813s1992\\\\xx\|||\|||||||||||mleng\d
=FMT  \\$a  VM
=035  \\$aASP764456/ant1
=245  00$aApu Condor (The Condor God)
=260  \\$aWatertown, MA$bDocumentary Educational Resources (DER)$c1992
=306  \\$a29 minutes
=490  0\$aEthnographic Video Online, Volume 1
=505  00$aA unique and highly visual documentary that provides a detailed observation of the sacred Peruvian "Yawar Fiesta of the Apu Condor".
=546  \\$aIn English
=650  04$aPeruvian
=650  \4$aPolitics
=650  \4$aReligious festivals
=650  \4$aSocial strata
=650  \4$aReligious rites and ceremonies
=700  1\$aNorelli, Gianfranco.$4pro
=700  1\$aNorelli, Gianfranco.$4aut
=700  1\$aNorelli, Gianfranco.$4drt
=700  1\$aBonaita, Giacomo$4oth
=700  1\$aDelgado, Julio.$4oth
=700  1\$aDelgado, Noemi$4oth
=700  1\$aGamarra, Dimas$4oth
=700  1\$aMontesinos, Rafo$4oth
=700  1\$aOrtiz, Juri$4oth
=700  1\$aNorelli, Gianfranco.$4nrt
=773  0\$dWatertown, MA : Documentary Educational Resources (DER), 1992
=856  40$uhttp://www.aspresolver.com/aspresolver.asp?ANTH;764456$yAlexander Street Press Ethnographic Video Online
=859  \\$aORR$bAlexander Street Press
=883  0\$aLanguage codes assigned by Bayesian analysis of words present in record$d20201028$qUk$c0.9010
=985  \\$aUpgraded by BSS-generated file for WR2011-1472
=CAT  \\$aWR13_071$b00$c20130610$lBLL01$h1613
=CAT  \\$aBATCH$b00$c20130610$lBLL01$h1613
=CAT  \\$aWR16_088$c20160606$lBLL01$h1632
=CAT  \\$aBATCH-UPD$b00$c20160606$lBLL01$h1633
=CAT  \\$aW1610-0368$c20161006$lBLL01$h0938
=CAT  \\$aW1606-1753$c20171028$lBLL01$h1351
=CAT  \\$aBATCH-UPD$b00$c20190801$lBLL01$h2021
=CAT  \\$aW2011-1472$b00$c20201127$lBLL01$h1833
=FIN  \\$aY$d20130610
=LAS  \\$aW2011-1472$b00$c20201127$lBLL01$h1833

