=LDR  02116 gm a2200481uu 4500
=001  016427698
=003  Uk
=005  20201127183322.0
=008  100813s2003\\\\xx\|||\|||||||||||mleng\d
=FMT  \\$a  VM
=035  \\$aASP765326/ant1
=245  00$aThe Architect and the Old Village
=260  \\$aWatertown, MA$bDocumentary Educational Resources (DER)$c2003
=306  \\$a70 minutes
=490  0\$aEthnographic Video Online, Volume 1
=505  00$aÁlvaro Siza Vieira, a famous visionary Portuguese architect, is called to coordinate the rehabilitation of the monuments and architectonic heritage of Cidade Velha (Old Village) in Santiago, one of the African islands of Cape Verde. This project creates great expectations among the local population, who envisages it as a way of improving their quality of life.
=546  \\$aIn Portuguese, Subtitles in English
=650  04$aCape Verdean
=650  \4$aMonuments
=650  \4$aBuildings
=650  \4$aArchitecture
=650  \4$aEconomic development
=650  \4$aArchitects
=700  1\$aMourão, Catarina$4pro
=700  1\$aCosta, Catarina Alves.$4aut
=700  1\$aCosta, Catarina Alves.$4drt
=700  1\$aAlbuquerque, Helena$4oth
=700  1\$aBarreto, Rosalinda$4oth
=700  1\$aVieira, Álvaro Siza$4oth
=773  0\$dWatertown, MA : Documentary Educational Resources (DER), 2003
=856  40$uhttp://www.aspresolver.com/aspresolver.asp?ANTH;765326$yAlexander Street Press Ethnographic Video Online
=859  \\$aORR$bAlexander Street Press
=883  0\$aLanguage codes assigned by Bayesian analysis of words present in record$d20201028$qUk$c0.9010
=985  \\$aUpgraded by BSS-generated file for WR2011-1472
=CAT  \\$aWR13_071$b00$c20130610$lBLL01$h1613
=CAT  \\$aBATCH$b00$c20130610$lBLL01$h1613
=CAT  \\$aWR16_088$c20160606$lBLL01$h1632
=CAT  \\$aBATCH-UPD$b00$c20160606$lBLL01$h1633
=CAT  \\$aW1610-0368$c20161006$lBLL01$h0938
=CAT  \\$aW1606-1753$c20171028$lBLL01$h1351
=CAT  \\$aW2011-1472$b00$c20201127$lBLL01$h1833
=FIN  \\$aY$d20130610
=LAS  \\$aW2011-1472$b00$c20201127$lBLL01$h1833

