=LDR  01945 gm a2200469uu 4500
=001  016427699
=003  Uk
=005  20201127183322.0
=008  100813s1999\\\\xx\|||\|||||||||||mleng\d
=FMT  \\$a  VM
=035  \\$aASP765328/ant1
=245  00$aThe Architecture of Mud
=260  \\$aWatertown, MA$bDocumentary Educational Resources (DER)$c1999
=306  \\$a52 minutes
=490  0\$aEthnographic Video Online, Volume 1
=505  00$aThe Hadhramaut region in the south east of Yemen is well known for its mud brick architecture. Throughout the centuries, the population has developed very sophisticated building techniques and created a unique architectural environment.
=546  \\$aIn English, Subtitles in English
=650  04$aYemeni (Yemenite)
=650  \4$aStonemasons
=650  \4$aUrban life
=650  \4$aCultural identity
=650  \4$aInnovation and invention
=650  \4$aCultural change and history
=650  \4$aConstruction materials
=650  \4$aArchitecture
=700  1\$aBorelli, Caterina.$4pro
=700  1\$aBorelli, Caterina.$4aut
=700  1\$aBorelli, Caterina.$4drt
=773  0\$dWatertown, MA : Documentary Educational Resources (DER), 1999
=856  40$uhttp://www.aspresolver.com/aspresolver.asp?ANTH;765328$yAlexander Street Press Ethnographic Video Online
=859  \\$aORR$bAlexander Street Press
=883  0\$aLanguage codes assigned by Bayesian analysis of words present in record$d20201028$qUk$c0.9010
=985  \\$aUpgraded by BSS-generated file for WR2011-1472
=CAT  \\$aWR13_071$b00$c20130610$lBLL01$h1613
=CAT  \\$aBATCH$b00$c20130610$lBLL01$h1613
=CAT  \\$aWR16_088$c20160606$lBLL01$h1632
=CAT  \\$aBATCH-UPD$b00$c20160606$lBLL01$h1633
=CAT  \\$aW1610-0368$c20161006$lBLL01$h0938
=CAT  \\$aW1606-1753$c20171028$lBLL01$h1351
=CAT  \\$aW2011-1472$b00$c20201127$lBLL01$h1833
=FIN  \\$aY$d20130610
=LAS  \\$aW2011-1472$b00$c20201127$lBLL01$h1833

