=LDR  01942 gm a2200445uu 4500
=001  016427700
=003  Uk
=005  20201127183322.0
=008  100813s1969\\\\xx\|||\|||||||||||mleng\d
=FMT  \\$a  VM
=035  \\$aASP764452/ant1
=245  00$aAn Argument About a Marriage
=260  \\$aWatertown, MA$bDocumentary Educational Resources (DER)$c1969
=306  \\$a17 minutes
=490  0\$aEthnographic Video Online, Volume 1
=505  00$aRecorded in 1957
=520  3\$aIn 1958, with assistance from the Marshalls, a group of Ju/'hoansi returned home to Nyae Nyae after several years as unpaid, captive laborers on a farm. One woman, whose husband had escaped the farm and left her behind, had a child with another man. Upon the group's return to Nyae Nyae, an angry argument broke out over the matter.
=546  \\$aIn English
=650  04$a!Kung
=650  04$aJu/'hoansi
=650  \4$aIn-group conflicts
=650  \4$aTribal and national groups
=650  \4$aFamily arguments
=650  \4$aMarriage
=700  1\$aMarshall, John,$d1932-2005$4drt
=773  0\$dWatertown, MA : Documentary Educational Resources (DER), 1969
=856  40$uhttp://www.aspresolver.com/aspresolver.asp?ANTH;764452$yAlexander Street Press Ethnographic Video Online
=859  \\$aORR$bAlexander Street Press
=883  0\$aLanguage codes assigned by Bayesian analysis of words present in record$d20201028$qUk$c0.9010
=985  \\$aUpgraded by BSS-generated file for WR2011-1472
=CAT  \\$aWR13_071$b00$c20130610$lBLL01$h1613
=CAT  \\$aBATCH$b00$c20130610$lBLL01$h1613
=CAT  \\$a7416$b40$c20150203$lBLL01$h1147
=CAT  \\$aBATCH-UPD$b40$c20150203$lBLL01$h1147
=CAT  \\$aWR16_088$c20160606$lBLL01$h1632
=CAT  \\$aW1610-0368$c20161006$lBLL01$h0938
=CAT  \\$aW1606-1753$c20171028$lBLL01$h1351
=CAT  \\$aW2011-1472$b00$c20201127$lBLL01$h1833
=FIN  \\$aY$d20130610
=LAS  \\$aW2011-1472$b00$c20201127$lBLL01$h1833

