=LDR  01862 gm a2200457uu 4500
=001  016427701
=003  Uk
=005  20201127183322.0
=008  100813s1987\\\\xx\|||\|||||||||||mleng\d
=FMT  \\$a  VM
=035  \\$aASP764458/ant1
=245  00$aArmand Rouiller, Sledge-maker
=260  \\$aWatertown, MA$bDocumentary Educational Resources (DER)$c1987
=306  \\$a44 minutes
=490  0\$aEthnographic Video Online, Volume 1
=505  00$aArmand Rouiller, 80, is a mountain peasant, woodcutter, and craftsman. He handcrafts large sledges, rakes and handles for scythes, a craft he learned from his father, who learned it from his own father, and so on.
=546  \\$aIn French, Subtitles in English
=650  04$aSwiss
=650  \4$aCultural change and history
=650  \4$aWoodworking
=650  \4$aRural population
=650  \4$aLumber
=650  \4$aCrafts
=700  1\$aVeuve, Jacqueline.$4pro
=700  1\$aVeuve, Jacqueline.$4aut
=700  1\$aVeuve, Jacqueline.$4drt
=700  1\$aRouiller, Armand$4oth
=773  0\$dWatertown, MA : Documentary Educational Resources (DER), 1987
=856  40$uhttp://www.aspresolver.com/aspresolver.asp?ANTH;764458$yAlexander Street Press Ethnographic Video Online
=859  \\$aORR$bAlexander Street Press
=883  0\$aLanguage codes assigned by Bayesian analysis of words present in record$d20201028$qUk$c0.9010
=985  \\$aUpgraded by BSS-generated file for WR2011-1472
=CAT  \\$aWR13_071$b00$c20130610$lBLL01$h1613
=CAT  \\$aBATCH$b00$c20130610$lBLL01$h1613
=CAT  \\$aWR16_088$c20160606$lBLL01$h1632
=CAT  \\$aBATCH-UPD$b00$c20160606$lBLL01$h1633
=CAT  \\$aW1610-0368$c20161006$lBLL01$h0938
=CAT  \\$aW1606-1753$c20171028$lBLL01$h1351
=CAT  \\$aW2011-1472$b00$c20201127$lBLL01$h1833
=FIN  \\$aY$d20130610
=LAS  \\$aW2011-1472$b00$c20201127$lBLL01$h1833

