=LDR  02086 gm a2200433uu 4500
=001  016427702
=003  Uk
=005  20201127183322.0
=008  100813s1992\\\\xx\|||\|||||||||||mleng\d
=FMT  \\$a  VM
=035  \\$aASP1879437/ant1
=245  00$aArnold Golay, Toy-maker
=260  \\$aWatertown, MA$bDocumentary Educational Resources (DER)$c1992
=306  \\$a28 minutes
=490  0\$aEthnographic Video Online, Volume 1
=505  00$aArnold Golay, 91, a former watchmaker who once had learned to make a timepiece entirely by hand. This know-how has always stood him in good stead. Upon retirement, Golay became a full-time toy maker. Even as a watchmaker, he used to make toys for his own children.The film follows his steps as he builds a toy hand-cart, from raw wood to finished product. We also see his collection of toys, which are reduced-scale models of all the carts, wheel barrows and other implements used on the farm before the invention of the tractor.
=546  \\$aIn French, Subtitles in English
=650  04$aSwiss
=650  \4$aFarming implements
=650  \4$aToys
=650  \4$aWoodworking
=650  \4$aDaily life
=700  1\$aVeuve, Jacqueline.$4drt
=700  1\$aGolay, Arnold$4oth
=700  1\$aGolay, Arnold$4nrt
=773  0\$dWatertown, MA : Documentary Educational Resources (DER), 1992
=856  40$uhttp://www.aspresolver.com/aspresolver.asp?ANTH;1879437$yAlexander Street Press Ethnographic Video Online
=859  \\$aORR$bAlexander Street Press
=883  0\$aLanguage codes assigned by Bayesian analysis of words present in record$d20201028$qUk$c0.9010
=985  \\$aUpgraded by BSS-generated file for WR2011-1472
=CAT  \\$aWR13_071$b00$c20130610$lBLL01$h1613
=CAT  \\$aBATCH$b00$c20130610$lBLL01$h1613
=CAT  \\$aWR16_088$c20160606$lBLL01$h1632
=CAT  \\$aBATCH-UPD$b00$c20160606$lBLL01$h1633
=CAT  \\$aW1610-0368$c20161006$lBLL01$h0938
=CAT  \\$aW1606-1753$c20171028$lBLL01$h1351
=CAT  \\$aW2011-1472$b00$c20201127$lBLL01$h1833
=FIN  \\$aY$d20130610
=LAS  \\$aW2011-1472$b00$c20201127$lBLL01$h1833

