=LDR  01959 gm a2200457uu 4500
=001  016427720
=003  Uk
=005  20201127183322.0
=008  100813s2005\\\\xx\|||\|||||||||||mleng\d
=FMT  \\$a  VM
=035  \\$aASP919154/ant1
=245  00$aThe Art of Documentary Filmmaking: Stories from the Princess Hotel
=260  \\$aWatertown, MA$bDocumentary Educational Resources (DER)$c2005
=306  \\$a5 minutes
=490  0\$aEthnographic Video Online, Volume 1
=505  00$aAt the end of 2005, Anglo-Burmese filmmaker Lindsey Merrison brought together eight tutors well-versed in documentary from Europe and Australia with twelve young Burmese men and women for a three-week workshop entitled "The Art of Documentary Filmmaking." The venue was a quiet hotel in Myanmar's capital, Yangon.
=546  \\$aIn English, Subtitles in English
=650  04$aBurmese
=650  \4$aWomen
=650  \4$aMemories
=650  \4$aFilms
=650  \4$aStudents
=650  \4$aEducation
=650  \4$aFilmmaking
=700  1\$aMerrison, Lindsey.$4aut
=700  1\$aMerrison, Lindsey.$4drt
=700  1\$aMerrison, Lindsey.$4nrt
=773  0\$dWatertown, MA : Documentary Educational Resources (DER), 2005
=856  40$uhttp://www.aspresolver.com/aspresolver.asp?ANTH;919154$yAlexander Street Press Ethnographic Video Online
=859  \\$aORR$bAlexander Street Press
=883  0\$aLanguage codes assigned by Bayesian analysis of words present in record$d20201028$qUk$c0.9010
=985  \\$aUpgraded by BSS-generated file for WR2011-1472
=CAT  \\$aWR13_071$b00$c20130610$lBLL01$h1613
=CAT  \\$aBATCH$b00$c20130610$lBLL01$h1613
=CAT  \\$aWR16_088$c20160606$lBLL01$h1632
=CAT  \\$aBATCH-UPD$b00$c20160606$lBLL01$h1633
=CAT  \\$aW1610-0368$c20161006$lBLL01$h0938
=CAT  \\$aW1606-1753$c20171028$lBLL01$h1351
=CAT  \\$aW2011-1472$b00$c20201127$lBLL01$h1833
=FIN  \\$aY$d20130610
=LAS  \\$aW2011-1472$b00$c20201127$lBLL01$h1833

