=LDR  01626 gm a2200457uu 4500
=001  016427722
=003  Uk
=005  20201127183322.0
=008  100813s1995\\\\xx\|||\|||||||||||mleng\d
=FMT  \\$a  VM
=035  \\$aASP1646995/ant1
=245  00$aArtist Unknown
=260  \\$aLondon, England$bBritish Broadcasting Corporation (BBC)$c1995
=306  \\$a50 minutes
=490  0\$aEthnographic Video Online, Volume 1
=505  00$aIn English
=650  04$aEdo
=650  \4$aArt
=650  \4$aTribal and national groups
=650  \4$aReligious rites and ceremonies
=650  \4$aReligious beliefs
=650  \4$aCultural identity
=650  \4$aTravel
=700  1\$aLan, David$4pro
=700  1\$aJames, Lennie.$4aut
=700  1\$aLan, David$4drt
=700  1\$aJames, Lennie.$4nrt
=773  0\$dLondon, England : British Broadcasting Corporation (BBC), 1995
=856  40$uhttp://www.aspresolver.com/aspresolver.asp?ANTH;1646995$yAlexander Street Press Ethnographic Video Online
=859  \\$aORR$bAlexander Street Press
=883  0\$aLanguage codes assigned by Bayesian analysis of words present in record$d20201028$qUk$c0.9010
=985  \\$aUpgraded by BSS-generated file for WR2011-1472
=CAT  \\$aWR13_071$b00$c20130610$lBLL01$h1613
=CAT  \\$aBATCH$b00$c20130610$lBLL01$h1613
=CAT  \\$aWR16_088$c20160606$lBLL01$h1632
=CAT  \\$aBATCH-UPD$b00$c20160606$lBLL01$h1633
=CAT  \\$aW1610-0368$c20161006$lBLL01$h0938
=CAT  \\$aW1606-1753$c20171028$lBLL01$h1351
=CAT  \\$aW2011-1472$b00$c20201127$lBLL01$h1833
=FIN  \\$aY$d20130610
=LAS  \\$aW2011-1472$b00$c20201127$lBLL01$h1833

