=LDR  01968 gm a2200433uu 4500
=001  016427723
=003  Uk
=005  20201127183322.0
=008  100813s2000\\\\xx\|||\|||||||||||mleng\d
=FMT  \\$a  VM
=035  \\$aASP765334/ant1
=245  00$aThe Artist's Salary (Le Salaire de l'Artiste)
=260  \\$aWatertown, MA$bDocumentary Educational Resources (DER)$c2000
=306  \\$a60 minutes
=490  0\$aEthnographic Video Online, Volume 1
=505  00$aFrom 1989 to 2000, Jacqueline Veuve, together with cameraman Milivoj Ivkovic, followed the life of a young artist, her son, Laurent Veuve who lived in New York with his family. To these 11 years of filming are added some extracts from a short film of 1968 about Laurent, then aged 7, and a sequence in 1986 done by Pascal Chevalley for the Télévision Suisse Romande.
=546  \\$aIn French, Subtitles in English
=650  \4$aArt
=650  \4$aVisual artists
=650  \4$aPainting
=700  1\$aVeuve, Jacqueline.$4aut
=700  1\$aVeuve, Laurent$4aut
=700  1\$aVeuve, Jacqueline.$4drt
=700  1\$aVeuve, Laurent$4drt
=700  1\$aVeuve, Laurent$4oth
=773  0\$dWatertown, MA : Documentary Educational Resources (DER), 2000
=856  40$uhttp://www.aspresolver.com/aspresolver.asp?ANTH;765334$yAlexander Street Press Ethnographic Video Online
=859  \\$aORR$bAlexander Street Press
=883  0\$aLanguage codes assigned by Bayesian analysis of words present in record$d20201028$qUk$c0.9010
=985  \\$aUpgraded by BSS-generated file for WR2011-1472
=CAT  \\$aWR13_071$b00$c20130610$lBLL01$h1613
=CAT  \\$aBATCH$b00$c20130610$lBLL01$h1613
=CAT  \\$aWR16_088$c20160606$lBLL01$h1632
=CAT  \\$aBATCH-UPD$b00$c20160606$lBLL01$h1633
=CAT  \\$aW1610-0368$c20161006$lBLL01$h0938
=CAT  \\$aW1606-1753$c20171028$lBLL01$h1351
=CAT  \\$aW2011-1472$b00$c20201127$lBLL01$h1833
=FIN  \\$aY$d20130610
=LAS  \\$aW2011-1472$b00$c20201127$lBLL01$h1833

