=LDR  02019 gm a2200445uu 4500
=001  016427724
=003  Uk
=005  20201127183322.0
=008  100813s2006\\\\xx\|||\|||||||||||mleng\d
=FMT  \\$a  VM
=035  \\$aASP764776/ant1
=245  00$aAshaninka Villages: Iauaretê, Waterfall of the Jaguars
=260  \\$aWatertown, MA$bDocumentary Educational Resources (DER)$c2006
=306  \\$a48 minutes
=490  0\$aEthnographic Video Online, Volume 1
=505  00$aIn Iauaretê, Waterfall of the Jaguars, the Tariano Indians of the upper Rio Negro decide to reclaim their culture after decades of missionary-imposed Catholicism. This involves the restoration of the sacred Iauaretê waterfall, home of the Jaguar people who tried to destroy the mythological Tariano ancestor Ahkomi.
=546  \\$aIn English, Subtitles in English
=650  04$aTariano (Tariana)
=650  \4$aCultural change and history
=650  \4$aMyths and legends
=650  \4$aTribal and national groups
=650  \4$aCultural identity
=650  \4$aRevitalization and ethnogenesis
=700  1\$aCarelli, Vincent.$4pro
=700  1\$aCarelli, Vincent.$4aut
=700  1\$aCarelli, Vincent.$4drt
=773  0\$dWatertown, MA : Documentary Educational Resources (DER), 2006
=856  40$uhttp://www.aspresolver.com/aspresolver.asp?ANTH;764776$yAlexander Street Press Ethnographic Video Online
=859  \\$aORR$bAlexander Street Press
=883  0\$aLanguage codes assigned by Bayesian analysis of words present in record$d20201028$qUk$c0.9010
=985  \\$aUpgraded by BSS-generated file for WR2011-1472
=CAT  \\$aWR13_071$b00$c20130610$lBLL01$h1613
=CAT  \\$aBATCH$b00$c20130610$lBLL01$h1613
=CAT  \\$aWR16_088$c20160606$lBLL01$h1632
=CAT  \\$aBATCH-UPD$b00$c20160606$lBLL01$h1633
=CAT  \\$aW1610-0368$c20161006$lBLL01$h0938
=CAT  \\$aW1606-1753$c20171028$lBLL01$h1351
=CAT  \\$aW2011-1472$b00$c20201127$lBLL01$h1833
=FIN  \\$aY$d20130610
=LAS  \\$aW2011-1472$b00$c20201127$lBLL01$h1833

