=LDR  01940 gm a2200469uu 4500
=001  016427725
=003  Uk
=005  20201127183322.0
=008  100813s2006\\\\xx\|||\|||||||||||mleng\d
=FMT  \\$a  VM
=035  \\$aASP764788/ant1
=245  00$aAshaninka Villages: Imbé Gikegü, The Scent of Pequi Fruit
=260  \\$aWatertown, MA$bDocumentary Educational Resources (DER)$c2006
=306  \\$a35 minutes
=490  0\$aEthnographic Video Online, Volume 1
=505  00$aAs the dry season comes to an end, it's the time of merriment in the Alto Xingu. The smell of the damp earth is mixed with the sweet perfume of pequi, and Kuikuro filmmakers give us a re-enactment of the story of the fruit.
=546  \\$aIn Kuikuro, Subtitles in English
=650  04$aKuikuro
=650  \4$aFestivals
=650  \4$aOrchards
=650  \4$aFolklore
=650  \4$aSexuality
=700  1\$aKuikuro, Maricá.$4pro
=700  1\$aKuikuro, Takumã.$4pro
=700  1\$aKuikuro, Maricá.$4aut
=700  1\$aKuikuro, Takumã.$4aut
=700  1\$aKuikuro, Maricá.$4drt
=700  1\$aKuikuro, Takumã.$4drt
=773  0\$dWatertown, MA : Documentary Educational Resources (DER), 2006
=856  40$uhttp://www.aspresolver.com/aspresolver.asp?ANTH;764788$yAlexander Street Press Ethnographic Video Online
=859  \\$aORR$bAlexander Street Press
=883  0\$aLanguage codes assigned by Bayesian analysis of words present in record$d20201028$qUk$c0.9010
=985  \\$aUpgraded by BSS-generated file for WR2011-1472
=CAT  \\$aWR13_071$b00$c20130610$lBLL01$h1613
=CAT  \\$aBATCH$b00$c20130610$lBLL01$h1613
=CAT  \\$aBATCH-UPD$b00$c20130610$lBLL01$h1621
=CAT  \\$aWR16_088$c20160606$lBLL01$h1632
=CAT  \\$aW1610-0368$c20161006$lBLL01$h0938
=CAT  \\$aW1606-1753$c20171028$lBLL01$h1351
=CAT  \\$aW2011-1472$b00$c20201127$lBLL01$h1833
=FIN  \\$aY$d20130610
=LAS  \\$aW2011-1472$b00$c20201127$lBLL01$h1833

