=LDR  01942 gm a2200445uu 4500
=001  016427726
=003  Uk
=005  20201127183322.0
=008  100813s2005\\\\xx\|||\|||||||||||mleng\d
=FMT  \\$a  VM
=035  \\$aASP765320/ant1
=245  00$aAshaninka Villages: Kiarãsâ Yõ Sâty, The Agouti's Peanut
=260  \\$aWatertown, MA$bDocumentary Educational Resources (DER)$c2005
=306  \\$a51 minutes
=490  0\$aEthnographic Video Online, Volume 1
=505  00$aThis video examines the everyday work and recreation of the Panará people, who blend their traditional ways with the influences of official Brazilan culture. Lighthearted and compelling, it encourages viewers to question the dichotomy of tradition versus modernity.
=546  \\$aIn English, Subtitles in English
=650  04$aPanará
=650  \4$aCultural assimilation
=650  \4$aDaily life
=650  \4$aCultural identity
=650  \4$aTribal and national groups
=700  1\$aPanará, Komoi.$4aut
=700  1\$aPanará, Paturi.$4aut
=700  1\$aPanará, Komoi.$4drt
=700  1\$aPanará, Paturi.$4drt
=773  0\$dWatertown, MA : Documentary Educational Resources (DER), 2005
=856  40$uhttp://www.aspresolver.com/aspresolver.asp?ANTH;765320$yAlexander Street Press Ethnographic Video Online
=859  \\$aORR$bAlexander Street Press
=883  0\$aLanguage codes assigned by Bayesian analysis of words present in record$d20201028$qUk$c0.9010
=985  \\$aUpgraded by BSS-generated file for WR2011-1472
=CAT  \\$aWR13_071$b00$c20130610$lBLL01$h1613
=CAT  \\$aBATCH$b00$c20130610$lBLL01$h1613
=CAT  \\$aBATCH-UPD$b00$c20130610$lBLL01$h1621
=CAT  \\$aWR16_088$c20160606$lBLL01$h1632
=CAT  \\$aW1610-0368$c20161006$lBLL01$h0938
=CAT  \\$aW1606-1753$c20171028$lBLL01$h1351
=CAT  \\$aW2011-1472$b00$c20201127$lBLL01$h1833
=FIN  \\$aY$d20130610
=LAS  \\$aW2011-1472$b00$c20201127$lBLL01$h1833

