=LDR  01884 gm a2200457uu 4500
=001  016427727
=003  Uk
=005  20201127183322.0
=008  100813s2006\\\\xx\|||\|||||||||||mleng\d
=FMT  \\$a  VM
=035  \\$aASP764992/ant1
=245  00$aAshaninka Villages: New Era
=260  \\$aWatertown, MA$bDocumentary Educational Resources (DER)$c2006
=306  \\$a52 minutes
=490  0\$aEthnographic Video Online, Volume 1
=505  00$aResidents of the Hunikui village of São Joaquim, on the river Jordão, collaborate in making a record their daily lives on video. New Era shows methods of fishing, cutting rubber trees, making hammocks and handcrafts, and religious observance.
=546  \\$aIn English
=650  04$aAsháninka
=650  \4$aTribal and national groups
=650  \4$aRace relations
=650  \4$aProperty rights
=650  \4$aLocal customs
=650  \4$aFilmmaking
=650  \4$aCultural change and history
=700  1\$aYube, Zezinho.$4pro
=700  1\$aYube, Zezinho.$4aut
=700  1\$aYube, Zezinho.$4drt
=773  0\$dWatertown, MA : Documentary Educational Resources (DER), 2006
=856  40$uhttp://www.aspresolver.com/aspresolver.asp?ANTH;764992$yAlexander Street Press Ethnographic Video Online
=859  \\$aORR$bAlexander Street Press
=883  0\$aLanguage codes assigned by Bayesian analysis of words present in record$d20201028$qUk$c0.9010
=985  \\$aUpgraded by BSS-generated file for WR2011-1472
=CAT  \\$aWR13_071$b00$c20130610$lBLL01$h1613
=CAT  \\$aBATCH$b00$c20130610$lBLL01$h1613
=CAT  \\$aWR16_088$c20160606$lBLL01$h1632
=CAT  \\$aBATCH-UPD$b00$c20160606$lBLL01$h1633
=CAT  \\$aW1610-0368$c20161006$lBLL01$h0938
=CAT  \\$aW1606-1753$c20171028$lBLL01$h1351
=CAT  \\$aW2011-1472$b00$c20201127$lBLL01$h1833
=FIN  \\$aY$d20130610
=LAS  \\$aW2011-1472$b00$c20201127$lBLL01$h1833

