=LDR  02022 gm a2200517uu 4500
=001  016427728
=003  Uk
=005  20201127183322.0
=008  100813s1996\\\\xx\|||\|||||||||||mleng\d
=FMT  \\$a  VM
=035  \\$aASP764464/ant1
=245  00$aAsiklar: Those Who Are In Love
=260  \\$aWatertown, MA$bDocumentary Educational Resources (DER)$c1996
=306  \\$a37 minutes
=490  0\$aEthnographic Video Online, Volume 1
=505  00$aShot in a variety of locations all over Turkey, Those Who Are In Love successfully conveys the emotion and beauty of traditional Anatolian village culture as it struggles with the process of modernization and change.
=546  \\$aIn English
=650  04$aTurk
=650  \4$aTraditional history
=650  \4$aMusic practice
=650  \4$aFolk music
=650  \4$aEthnomusicology
=700  1\$aGrabias, David.$4pro
=700  1\$aGrabias, David.$4aut
=700  1\$aGrabias, David.$4drt
=700  1\$aCihanger, Mizrap$4oth
=700  1\$aKader, Bahaddin$4oth
=700  1\$aKiliç, Nuri$4oth
=700  1\$aSahturna$4oth
=700  1\$aSeyrani$4oth
=700  1\$aThe Edremit Asik$4oth
=700  1\$aÖzcan, Dervis Kemal$4oth
=773  0\$dWatertown, MA : Documentary Educational Resources (DER), 1996
=856  40$uhttp://www.aspresolver.com/aspresolver.asp?ANTH;764464$yAlexander Street Press Ethnographic Video Online
=859  \\$aORR$bAlexander Street Press
=883  0\$aLanguage codes assigned by Bayesian analysis of words present in record$d20201028$qUk$c0.9010
=985  \\$aUpgraded by BSS-generated file for WR2011-1472
=CAT  \\$aWR13_071$b00$c20130610$lBLL01$h1613
=CAT  \\$aBATCH$b00$c20130610$lBLL01$h1613
=CAT  \\$aWR16_088$c20160606$lBLL01$h1632
=CAT  \\$aBATCH-UPD$b00$c20160606$lBLL01$h1633
=CAT  \\$aW1610-0368$c20161006$lBLL01$h0938
=CAT  \\$aW1606-1753$c20171028$lBLL01$h1351
=CAT  \\$aW2011-1472$b00$c20201127$lBLL01$h1833
=FIN  \\$aY$d20130610
=LAS  \\$aW2011-1472$b00$c20201127$lBLL01$h1833

