=LDR  02045 gm a2200481uu 4500
=001  016427729
=003  Uk
=005  20201127183322.0
=008  100813s2004\\\\xx\|||\|||||||||||mleng\d
=FMT  \\$a  VM
=035  \\$aASP764466/ant1
=245  00$aAsking Ayahai: An Ayoreo Story
=260  \\$aWatertown, MA$bDocumentary Educational Resources (DER)$c2004
=306  \\$a41 minutes
=490  0\$aEthnographic Video Online, Volume 1
=505  00$aRecorded in 2003
=520  3\$aThe film focuses on the personal journey of Ayahai, an 80-year-old Ayoreo elder, whose life spans the period of dramatic transition for the Ayoreo of South America's Gran Chaco as they moved from nomadic hunter/gatherers to wage laborers. Currently a part-time panhandler in Santa Cruz, his story is common to many lowland indigenous peoples.
=546  \\$aIn English
=650  04$aAyoreo
=650  \4$aTribal and national groups
=650  \4$aMigration
=650  \4$aHomeless life
=650  \4$aCultural change and history
=650  \4$aColonialism
=650  \4$aTraditional history
=650  \4$aAnthropology
=700  1\$aBessire, Lucas.$4pro
=700  1\$aBessire, Lucas.$4aut
=700  1\$aBessire, Lucas.$4drt
=773  0\$dWatertown, MA : Documentary Educational Resources (DER), 2004
=856  40$uhttp://www.aspresolver.com/aspresolver.asp?ANTH;764466$yAlexander Street Press Ethnographic Video Online
=859  \\$aORR$bAlexander Street Press
=883  0\$aLanguage codes assigned by Bayesian analysis of words present in record$d20201028$qUk$c0.9010
=985  \\$aUpgraded by BSS-generated file for WR2011-1472
=CAT  \\$aWR13_071$b00$c20130610$lBLL01$h1613
=CAT  \\$aBATCH$b00$c20130610$lBLL01$h1613
=CAT  \\$aBATCH-UPD$b00$c20130610$lBLL01$h1614
=CAT  \\$aWR16_088$c20160606$lBLL01$h1632
=CAT  \\$aW1610-0368$c20161006$lBLL01$h0938
=CAT  \\$aW1606-1753$c20171028$lBLL01$h1351
=CAT  \\$aW2011-1472$b00$c20201127$lBLL01$h1833
=FIN  \\$aY$d20130610
=LAS  \\$aW2011-1472$b00$c20201127$lBLL01$h1833

