=LDR  02176 gm a2200529uu 4500
=001  016427730
=003  Uk
=005  20201127183322.0
=008  100813s2008\\\\xx\|||\|||||||||||mleng\d
=FMT  \\$a  VM
=035  \\$aASP764468/ant1
=245  00$aAsmara, Eritrea
=260  \\$aWatertown, MA$bDocumentary Educational Resources (DER)$c2008
=306  \\$a62 minutes
=490  0\$aEthnographic Video Online, Volume 1
=505  00$aAsmara - capitol of the East African nation of Eritrea - is recognized as an architectural gem. In this film Asmarinos from different walks of life guide us through the streets of their city and bring us to places of their choice.
=546  \\$aIn English, Tigrigna, Italian, Subtitles in English
=650  04$aEritrean
=650  \4$aCultural participation
=650  \4$aCultural identity
=650  \4$aAnthropology
=650  \4$aSociology
=650  \4$aArchitecture
=650  \4$aUrban life
=650  \4$aCultural change and history
=700  1\$aBorelli, Caterina.$4pro
=700  1\$aBorelli, Caterina.$4aut
=700  1\$aBorelli, Caterina.$4drt
=700  1\$aCohen, David$c(British and South African journalist)$4oth
=700  1\$aHabte, Kidane$4oth
=700  1\$aWendm, Tebbe$4oth
=773  0\$dWatertown, MA : Documentary Educational Resources (DER), 2008
=856  40$uhttp://www.aspresolver.com/aspresolver.asp?ANTH;764468$yAlexander Street Press Ethnographic Video Online
=859  \\$aORR$bAlexander Street Press
=883  0\$aLanguage codes assigned by Bayesian analysis of words present in record$d20201028$qUk$c0.9010
=985  \\$aUpgraded by BSS-generated file for WR2011-1472
=CAT  \\$aWR13_071$b00$c20130610$lBLL01$h1613
=CAT  \\$aBATCH$b00$c20130610$lBLL01$h1613
=CAT  \\$aWR16_088$c20160606$lBLL01$h1632
=CAT  \\$aBATCH-UPD$b00$c20160606$lBLL01$h1633
=CAT  \\$aW1610-0368$c20161006$lBLL01$h0938
=CAT  \\$aW1606-1753$c20171028$lBLL01$h1351
=CAT  \\$aBATCH-UPD$b00$c20200530$lBLL01$h0648
=CAT  \\$aBATCH-UPD$b00$c20200606$lBLL01$h1829
=CAT  \\$aW2011-1472$b00$c20201127$lBLL01$h1833
=FIN  \\$aY$d20130610
=LAS  \\$aW2011-1472$b00$c20201127$lBLL01$h1833

