=LDR  02039 gm a2200397uu 4500
=001  016427731
=003  Uk
=005  20201127183322.0
=008  100813s2000\\\\xx\|||\|||||||||||mleng\d
=FMT  \\$a  VM
=035  \\$aASP1870865/ant1
=245  00$aAsmat
=260  \\$aParis, France$bZED$c2000
=306  \\$a51 minutes
=490  0\$aEthnographic Video Online, Volume 1
=505  00$aThe Asmat people live on the southwestern coast of western Papua. a land that has long remained free of outsiders, discouraged by the Asmats' terrifying reputation as cannibals and headhunters.The film tells the story of Rufinus, a 20 year old Asmat, that will be married. Before that however, he must capture and kill a cassowary, the great solitary bird that lives in the depths of the jungle.Accomplishing this task, will give Rufinus a sense of belonging to the Asmat people, whom their neighbors, the Mimikans call, "We mana wé: the men who eat the man".Parallel to the wedding, spectacular and rare stock film retraces the history of this terrifying people.
=546  \\$aIn English
=650  04$aAsmat
=650  \4$aMarriage
=650  \4$aTraditional history
=650  \4$aTribal and national groups
=700  1\$aCorillion, Jean-Michel.$4drt
=773  0\$dParis, France : ZED, 2000
=856  40$uhttp://www.aspresolver.com/aspresolver.asp?ANTH;1870865$yAlexander Street Press Ethnographic Video Online
=859  \\$aORR$bAlexander Street Press
=883  0\$aLanguage codes assigned by Bayesian analysis of words present in record$d20201028$qUk$c0.9010
=985  \\$aUpgraded by BSS-generated file for WR2011-1472
=CAT  \\$aWR13_071$b00$c20130610$lBLL01$h1613
=CAT  \\$aBATCH$b00$c20130610$lBLL01$h1613
=CAT  \\$aWR16_088$c20160606$lBLL01$h1632
=CAT  \\$aBATCH-UPD$b00$c20160606$lBLL01$h1633
=CAT  \\$aW1610-0368$c20161006$lBLL01$h0938
=CAT  \\$aW1606-1753$c20171028$lBLL01$h1351
=CAT  \\$aW2011-1472$b00$c20201127$lBLL01$h1833
=FIN  \\$aY$d20130610
=LAS  \\$aW2011-1472$b00$c20201127$lBLL01$h1833

