=LDR  02146 gm a2200481uu 4500
=001  016427732
=003  Uk
=005  20201127183322.0
=008  100813s2006\\\\xx\|||\|||||||||||mleng\d
=FMT  \\$a  VM
=035  \\$aASP764470/ant1
=245  00$aAt Highest Risk
=246  13$aCon Muy Alto Riesgo
=260  \\$aWatertown, MA$bDocumentary Educational Resources (DER)$c2006
=306  \\$a43 minutes
=490  0\$aEthnographic Video Online, Volume 1
=505  00$aJust as the rivers of the Andes mountains twist and coil in a curious maze, so does the grave situation of Peruvian women's health care. Within the past decade, the Andean women in Peru have faced a massive sterilization campaign, exorbitant fines for homebirths, remnants of a deadly civil war, and the second highest maternal death rate in South America. Yet, as they have for centuries, the Quechua and Aymara people are fighting to preserve their traditions, beliefs and integrity.
=546  \\$aIn Quechua, Subtitles in Spanish
=650  04$aPeruvian
=650  04$aAndean
=650  \4$aCultural identity
=650  \4$aReproductive rights
=650  \4$aRural population
=650  \4$aGender
=650  \4$aCare issues
=650  \4$aChildbirth
=650  \4$aWomen's health issues
=700  1\$aRivas, Rebecca$4aut
=700  1\$aRivas, Rebecca$4drt
=700  1\$aVega, Judyth$4oth
=773  0\$dWatertown, MA : Documentary Educational Resources (DER), 2006
=856  40$uhttp://www.aspresolver.com/aspresolver.asp?ANTH;764470$yAlexander Street Press Ethnographic Video Online
=859  \\$aORR$bAlexander Street Press
=883  0\$aLanguage codes assigned by Bayesian analysis of words present in record$d20201028$qUk$c0.9010
=985  \\$aUpgraded by BSS-generated file for WR2011-1472
=CAT  \\$aWR13_071$b00$c20130610$lBLL01$h1613
=CAT  \\$aBATCH$b00$c20130610$lBLL01$h1613
=CAT  \\$aWR16_088$c20160606$lBLL01$h1632
=CAT  \\$aW1610-0368$c20161006$lBLL01$h0938
=CAT  \\$aW1606-1753$c20171028$lBLL01$h1351
=CAT  \\$aW2011-1472$b00$c20201127$lBLL01$h1833
=FIN  \\$aY$d20130610
=LAS  \\$aW2011-1472$b00$c20201127$lBLL01$h1833

