=LDR  02003 gm a2200445uu 4500
=001  016427736
=003  Uk
=005  20201127183322.0
=008  100813s1967\\\\xx\|||\|||||||||||mleng\d
=FMT  \\$a  VM
=035  \\$aASP1879460/ant1
=245  00$aAt the Caribou Crossing Place, Part 2
=260  \\$aWatertown, MA$bDocumentary Educational Resources (DER)$c1967
=306  \\$a29 minutes
=490  0\$aEthnographic Video Online, Volume 1
=505  00$aTwo men arrive at the camp and the four build from stones a long row of manlike figures, inukshult, down toward the water. They wait for caribou and then chase them toward the stone figures and so into the water where other men in kayaks spear them. The dead animals are floated ashore and skinned. The boy plays with the visitors, the woman cooks the meat, the men crack the bones and eat the marrow, and then feast on the plentiful meat.
=546  \\$aIn English
=650  04$aEskimo
=650  \4$aCultural identity
=650  \4$aHunting
=650  \4$aGender roles
=650  \4$aInuit people
=650  \4$aCrafts
=650  \4$aFall
=700  1\$aBrown, Quentin.$4pro
=700  1\$aBrown, Quentin.$4drt
=773  0\$dWatertown, MA : Documentary Educational Resources (DER), 1967
=856  40$uhttp://www.aspresolver.com/aspresolver.asp?ANTH;1879460$yAlexander Street Press Ethnographic Video Online
=859  \\$aORR$bAlexander Street Press
=883  0\$aLanguage codes assigned by Bayesian analysis of words present in record$d20201028$qUk$c0.9010
=985  \\$aUpgraded by BSS-generated file for WR2011-1472
=CAT  \\$aWR13_071$b00$c20130610$lBLL01$h1613
=CAT  \\$aBATCH$b00$c20130610$lBLL01$h1613
=CAT  \\$aWR16_088$c20160606$lBLL01$h1632
=CAT  \\$aBATCH-UPD$b00$c20160606$lBLL01$h1633
=CAT  \\$aW1610-0368$c20161006$lBLL01$h0938
=CAT  \\$aW1606-1753$c20171028$lBLL01$h1351
=CAT  \\$aW2011-1472$b00$c20201127$lBLL01$h1833
=FIN  \\$aY$d20130610
=LAS  \\$aW2011-1472$b00$c20201127$lBLL01$h1833

