=LDR  03128 gm a2200481uu 4500
=001  016427737
=003  Uk
=005  20201127183322.0
=008  100813s9999\\\\xx\|||\|||||||||||mleng\d
=FMT  \\$a  VM
=035  \\$aASP1689314/ant1
=245  00$aAt the Edge of Conquest: The Journey of Chief Wai-Wai
=260  \\$aNew York, NY$bFilmakers Library
=306  \\$a29 minutes
=490  0\$aEthnographic Video Online, Volume 1
=505  00$aAt the Edge of Conquest looks at the situation of the Waiapi Indians, a small, isolated tribe that came in contact with the outside world in the late 1970's. Today they are threatened by invading gold miners, by the Brazilian government's recent proposal to reduce their land by 10%, and the state government's plan to construct a highway directly through their territory. But their strategy for survival has been effective: defend their lands from invasions while their leaders navigate the tricky waters of Brazilian politics. The film focuses on the charismatic leader, Chief Wai-Wai, as he travels from his remote village to Brazil's capitol, encountering for the first time airplanes, elevators, and skyscrapers. But the real barriers are not physical but bureaucratic and cultural. He doesn't read or write, has never been at a meeting before, and doesn't speak the language of these foreign people. Unlike the traditional depictions of indigenous persons as pristine, removed from the forces of the outside world, At the Edge of Conquest reveals a society grappling with the real politique of a larger nation-state. Chief Wai-Wai is fighting the role of victim in a desperate effort to shape the destiny of his people. It is a voyage resembling a cross between Alice in Wonderland and a Kafkaesque nightmare. But it is one which ultimately all isolated indigenous societies are forced to make if they are to survive this rapidly changing world.
=546  \\$aIn English
=650  04$aWayampi (Waiãpi)
=650  \4$aGold mining
=650  \4$aProperty rights
=650  \4$aEvacuations
=650  \4$aCapitalism
=650  \4$aEconomic development
=650  \4$aCultural identity
=650  \4$aTribal and national groups
=700  1\$aO'Connor, Geoffrey.$4pro
=700  1\$aO'Connor, Geoffrey.$4aut
=700  1\$aWai-Wai$4oth
=700  1\$aSkinner, Margo.$4nrt
=773  0\$dNew York, NY : Filmakers Library
=856  40$uhttp://www.aspresolver.com/aspresolver.asp?ANTH;1689314$yAlexander Street Press Ethnographic Video Online
=859  \\$aORR$bAlexander Street Press
=883  0\$aLanguage codes assigned by Bayesian analysis of words present in record$d20201028$qUk$c0.9010
=985  \\$aUpgraded by BSS-generated file for WR2011-1472
=CAT  \\$aWR13_071$b00$c20130610$lBLL01$h1613
=CAT  \\$aBATCH$b00$c20130610$lBLL01$h1613
=CAT  \\$aWR16_088$c20160606$lBLL01$h1632
=CAT  \\$aBATCH-UPD$b00$c20160606$lBLL01$h1633
=CAT  \\$aW1610-0368$c20161006$lBLL01$h0938
=CAT  \\$aW1606-1753$c20171028$lBLL01$h1351
=CAT  \\$aW2011-1472$b00$c20201127$lBLL01$h1833
=FIN  \\$aY$d20130610
=LAS  \\$aW2011-1472$b00$c20201127$lBLL01$h1833

