=LDR  02158 gm a2200457uu 4500
=001  016427739
=003  Uk
=005  20201127183323.0
=008  100813s1967\\\\xx\|||\|||||||||||mleng\d
=FMT  \\$a  VM
=035  \\$aASP1879502/ant1
=245  00$aAt the Spring Sea Ice Camp, Part 2
=260  \\$aWatertown, MA$bDocumentary Educational Resources (DER)$c1967
=306  \\$a26 minutes
=490  0\$aEthnographic Video Online, Volume 1
=505  00$aThe men are hunting seal through the sea-ice in the bleak windy weather. The wind disturbs the "tell-tales," made of eider down or a hair loop on a bone, that signal when a seal rises to breathe. A hunter strikes, kills and drags his catch up and away. At the igloo the woman scrapes at a polar bear skin and a man repairs a sled. In the warming weather the igloo is topped with furs and a snow shelter is built to hide the sled from the sun. Now a seal is skinned, the polar bear skin pegged out to dry, and the people stop for a snack of good red fish from the cache.
=546  \\$aIn English
=650  04$aEskimo
=650  \4$aBuildings
=650  \4$aGender roles
=650  \4$aCultural identity
=650  \4$aCrafts
=650  \4$aInuit people
=650  \4$aHunting
=650  \4$aSpring
=700  1\$aBrown, Quentin.$4pro
=700  1\$aBrown, Quentin.$4drt
=773  0\$dWatertown, MA : Documentary Educational Resources (DER), 1967
=856  40$uhttp://www.aspresolver.com/aspresolver.asp?ANTH;1879502$yAlexander Street Press Ethnographic Video Online
=859  \\$aORR$bAlexander Street Press
=883  0\$aLanguage codes assigned by Bayesian analysis of words present in record$d20201028$qUk$c0.9010
=985  \\$aUpgraded by BSS-generated file for WR2011-1472
=CAT  \\$aWR13_071$b00$c20130610$lBLL01$h1613
=CAT  \\$aBATCH$b00$c20130610$lBLL01$h1613
=CAT  \\$aWR16_088$c20160606$lBLL01$h1632
=CAT  \\$aBATCH-UPD$b00$c20160606$lBLL01$h1633
=CAT  \\$aW1610-0368$c20161006$lBLL01$h0938
=CAT  \\$aW1606-1753$c20171028$lBLL01$h1351
=CAT  \\$aW2011-1472$b00$c20201127$lBLL01$h1833
=FIN  \\$aY$d20130610
=LAS  \\$aW2011-1472$b00$c20201127$lBLL01$h1833

