=LDR  02227 gm a2200469uu 4500
=001  016427740
=003  Uk
=005  20201127183323.0
=008  100813s1967\\\\xx\|||\|||||||||||mleng\d
=FMT  \\$a  VM
=035  \\$aASP1879506/ant1
=245  00$aAt the Spring Sea Ice Camp, Part 3
=260  \\$aWatertown, MA$bDocumentary Educational Resources (DER)$c1967
=306  \\$a26 minutes
=490  0\$aEthnographic Video Online, Volume 1
=505  00$aThe hunter is traveling alone with sled and dogs. There is a sharp sound and he sees a ground squirrel, sets his snare and soon catches it. He kills it by crushing the skull with his foot, leaving the skin undamaged. Skirting bare ground, he comes to a fish cache and loads his sled, feeding the dogs some morsels. The sled appears to drag, even on the harder snow of the sea ice. In camp a woman sews, a girl hangs fish on a line, and all stop to eat. Now the disintegrating skin sled is dismantled and the polar bear skin serves for conveyance. They break camp, moving ashore to put up their tents for summer.
=546  \\$aIn English
=650  04$aEskimo
=650  \4$aMigration
=650  \4$aGender roles
=650  \4$aCultural identity
=650  \4$aDaily life
=650  \4$aCrafts
=650  \4$aInuit people
=650  \4$aHunting
=650  \4$aSpring
=700  1\$aBrown, Quentin.$4pro
=700  1\$aBrown, Quentin.$4drt
=773  0\$dWatertown, MA : Documentary Educational Resources (DER), 1967
=856  40$uhttp://www.aspresolver.com/aspresolver.asp?ANTH;1879506$yAlexander Street Press Ethnographic Video Online
=859  \\$aORR$bAlexander Street Press
=883  0\$aLanguage codes assigned by Bayesian analysis of words present in record$d20201028$qUk$c0.9010
=985  \\$aUpgraded by BSS-generated file for WR2011-1472
=CAT  \\$aWR13_071$b00$c20130610$lBLL01$h1613
=CAT  \\$aBATCH$b00$c20130610$lBLL01$h1613
=CAT  \\$aWR16_088$c20160606$lBLL01$h1632
=CAT  \\$aBATCH-UPD$b00$c20160606$lBLL01$h1633
=CAT  \\$aW1610-0368$c20161006$lBLL01$h0938
=CAT  \\$aW1606-1753$c20171028$lBLL01$h1351
=CAT  \\$aW2011-1472$b00$c20201127$lBLL01$h1833
=FIN  \\$aY$d20130610
=LAS  \\$aW2011-1472$b00$c20201127$lBLL01$h1833

