=LDR  02154 gm a2200469uu 4500
=001  016427742
=003  Uk
=005  20201127183323.0
=008  100813s1967\\\\xx\|||\|||||||||||mleng\d
=FMT  \\$a  VM
=035  \\$aASP1879514/ant1
=245  00$aAt the Winter Sea Ice Camp, Part 2
=260  \\$aWatertown, MA$bDocumentary Educational Resources (DER)$c1967
=306  \\$a36 minutes
=490  0\$aEthnographic Video Online, Volume 1
=505  00$aIn the morning the women spread the furs over the igloos to air. The children play, striking a ball of fur with a bone bat. The men wait patiently for sign of seals and the women play with the babies, sew, repair the igloos, nurse a child; an old woman rocks as she chants. A woman shows an older girl how to shape and cut fur for clothing. Then the seals begin to arrive, towed by the hunters. The women dress the seals, eating between times, passing the knife along as needed. The men come in with their catch, and soon all are indoors.
=546  \\$aIn English
=650  04$aEskimo
=650  \4$aSewing
=650  \4$aDwellings
=650  \4$aHunting
=650  \4$aInuit people
=650  \4$aGender roles
=650  \4$aCultural identity
=650  \4$aDaily life
=650  \4$aWinter
=700  1\$aBrown, Quentin.$4pro
=700  1\$aBrown, Quentin.$4drt
=773  0\$dWatertown, MA : Documentary Educational Resources (DER), 1967
=856  40$uhttp://www.aspresolver.com/aspresolver.asp?ANTH;1879514$yAlexander Street Press Ethnographic Video Online
=859  \\$aORR$bAlexander Street Press
=883  0\$aLanguage codes assigned by Bayesian analysis of words present in record$d20201028$qUk$c0.9010
=985  \\$aUpgraded by BSS-generated file for WR2011-1472
=CAT  \\$aWR13_071$b00$c20130610$lBLL01$h1613
=CAT  \\$aBATCH$b00$c20130610$lBLL01$h1613
=CAT  \\$aWR16_088$c20160606$lBLL01$h1632
=CAT  \\$aBATCH-UPD$b00$c20160606$lBLL01$h1633
=CAT  \\$aW1610-0368$c20161006$lBLL01$h0938
=CAT  \\$aW1606-1753$c20171028$lBLL01$h1351
=CAT  \\$aW2011-1472$b00$c20201127$lBLL01$h1833
=FIN  \\$aY$d20130610
=LAS  \\$aW2011-1472$b00$c20201127$lBLL01$h1833

