=LDR  02640 gm a2200457uu 4500
=001  016427743
=003  Uk
=005  20201127183323.0
=008  100813s1967\\\\xx\|||\|||||||||||mleng\d
=FMT  \\$a  VM
=035  \\$aASP1879519/ant1
=245  00$aAt the Winter Sea Ice Camp, Part 3
=260  \\$aWatertown, MA$bDocumentary Educational Resources (DER)$c1967
=306  \\$a30 minutes
=490  0\$aEthnographic Video Online, Volume 1
=505  00$aWork begins on a big community igloo, and all share in the building of it; one cuts, one carries, one builds, and so on. The children imitate. Women pile snow on the igloo, tossing it up from shovel to shovel. Ice sheets are installed for light. The men return to their sealing and the women to duties or play. In the large living space of the igloo, activities are easy to see. An infant uses the sharp ulu as confidently as any adult to cut bite-size meat or fish. A game of blind man's bluff begins between women and children. This is followed by spear-the-peg, where a toggle-sized peg is suspended and players with baton-sized spears attempt to strike the hole in the peg as it turns. Now fish is sliced and eaten. In the blue dusk, the snow smokes over the ice, and the men come home. A man drags in a seal and a woman sucks on ice and then drips the water into the mouth of a dead animal. The flesh is then divided, with each woman carrying away some in sealskin bags. The dogs enter to clean up, and the men then try their games of strength.
=546  \\$aIn English
=650  04$aEskimo
=650  \4$aGames
=650  \4$aInuit people
=650  \4$aDaily life
=650  \4$aGender roles
=650  \4$aCultural identity
=650  \4$aDwellings
=650  \4$aWinter
=700  1\$aBrown, Quentin.$4pro
=700  1\$aBrown, Quentin.$4drt
=773  0\$dWatertown, MA : Documentary Educational Resources (DER), 1967
=856  40$uhttp://www.aspresolver.com/aspresolver.asp?ANTH;1879519$yAlexander Street Press Ethnographic Video Online
=859  \\$aORR$bAlexander Street Press
=883  0\$aLanguage codes assigned by Bayesian analysis of words present in record$d20201028$qUk$c0.9010
=985  \\$aUpgraded by BSS-generated file for WR2011-1472
=CAT  \\$aWR13_071$b00$c20130610$lBLL01$h1613
=CAT  \\$aBATCH$b00$c20130610$lBLL01$h1613
=CAT  \\$aWR16_088$c20160606$lBLL01$h1632
=CAT  \\$aBATCH-UPD$b00$c20160606$lBLL01$h1633
=CAT  \\$aW1610-0368$c20161006$lBLL01$h0938
=CAT  \\$aW1606-1753$c20171028$lBLL01$h1351
=CAT  \\$aW2011-1472$b00$c20201127$lBLL01$h1833
=FIN  \\$aY$d20130610
=LAS  \\$aW2011-1472$b00$c20201127$lBLL01$h1833

