=LDR  02587 gm a2200481uu 4500
=001  016427744
=003  Uk
=005  20201127183323.0
=008  100813s1967\\\\xx\|||\|||||||||||mleng\d
=FMT  \\$a  VM
=035  \\$aASP1879528/ant1
=245  00$aAt the Winter Sea Ice Camp, Part 4
=260  \\$aWatertown, MA$bDocumentary Educational Resources (DER)$c1967
=306  \\$a34 minutes
=490  0\$aEthnographic Video Online, Volume 1
=505  00$aA bitter wind blows and the dogs huddle in the snow. In the igloo, the children scratch in the rime on the ice window. A man takes out his tool-pouch and drills the stone trough he is making, using bow and spindle. Children play with a pup; a man coils his whip and warms his hands at the lamp. A naked infant toddles by. A woman presses blubber in the lamp to free the oil, and a child carries the sharpening rock to the man who saws at his stonework. Outside, the boys stand on their heads and roll in drifting snow. A woman has a speck of rock in her eye and the carver removes it by opening wide the eye and applying his lips. The men gamble at the spear-the-peg game. The women try another spear-the-peg game. Some men are still at the seal hunt, beards rimed by the cold. Day ends with a drum performance to which the women sing. The next day the big igloo is deserted and the people are again trekking over the broad expanse of the sea ice.
=546  \\$aIn English
=650  04$aEskimo
=650  \4$aMigration
=650  \4$aGames
=650  \4$aCrafts
=650  \4$aGender roles
=650  \4$aCultural identity
=650  \4$aDaily life
=650  \4$aDwellings
=650  \4$aInuit people
=650  \4$aWinter
=700  1\$aBrown, Quentin.$4pro
=700  1\$aBrown, Quentin.$4drt
=773  0\$dWatertown, MA : Documentary Educational Resources (DER), 1967
=856  40$uhttp://www.aspresolver.com/aspresolver.asp?ANTH;1879528$yAlexander Street Press Ethnographic Video Online
=859  \\$aORR$bAlexander Street Press
=883  0\$aLanguage codes assigned by Bayesian analysis of words present in record$d20201028$qUk$c0.9010
=985  \\$aUpgraded by BSS-generated file for WR2011-1472
=CAT  \\$aWR13_071$b00$c20130610$lBLL01$h1613
=CAT  \\$aBATCH$b00$c20130610$lBLL01$h1613
=CAT  \\$aWR16_088$c20160606$lBLL01$h1632
=CAT  \\$aBATCH-UPD$b00$c20160606$lBLL01$h1633
=CAT  \\$aW1610-0368$c20161006$lBLL01$h0938
=CAT  \\$aW1606-1753$c20171028$lBLL01$h1351
=CAT  \\$aW2011-1472$b00$c20201127$lBLL01$h1833
=FIN  \\$aY$d20130610
=LAS  \\$aW2011-1472$b00$c20201127$lBLL01$h1833

