=LDR  02574 gm a2200601uu 4500
=001  016427747
=003  Uk
=005  20201127183323.0
=008  100813s2006\\\\xx\|||\|||||||||||mleng\d
=FMT  \\$a  VM
=035  \\$aASP764496/ant1
=245  00$aAusangate
=260  \\$aWatertown, MA$bDocumentary Educational Resources (DER)$c2006
=306  \\$a61 minutes
=490  0\$aEthnographic Video Online, Volume 1
=505  00$aThis film documents the lives of Quechua people who live around Ausangate, a sacred peak in southeastern Peru. It is based on anthropological research conducted over twenty years and reveals how the weavers make textiles encoded with symbolic images that reinforce ancestral beliefs during rituals and in everyday life. Four Quechua people's stories are told against a backdrop of high Andean lakes and mountains showing a harsh existence possible only through a strong symbiotic relationship to their alpacas and llamas.
=546  \\$aIn English
=650  04$aQuechua
=650  \4$aAnthropology
=650  \4$aCultural identity
=650  \4$aCultural change and history
=650  \4$aImmigration and emigration
=650  \4$aTextile industry
=650  \4$aAgriculture
=650  \4$aRural population
=650  \4$aReligious beliefs
=700  1\$aDeHaas, Judy Walgren$4pro
=700  1\$aFettig, Tad.$4pro
=700  1\$aHeckman, Andrea$4pro
=700  1\$aHeckman, Andrea$4aut
=700  1\$aFettig, Tad.$4drt
=700  1\$aHeckman, Andrea$4drt
=700  1\$aGonzalo, Maria$4oth
=700  1\$aHeckman, Andrea$4oth
=700  1\$aMayu, Miguel$4oth
=700  1\$aOchoa, Jorge.$4oth
=700  1\$aVizcarra, Roman$4oth
=700  1\$adel Prado, Juan$4oth
=700  1\$aLockhart, Liam.$4nrt
=773  0\$dWatertown, MA : Documentary Educational Resources (DER), 2006
=856  40$uhttp://www.aspresolver.com/aspresolver.asp?ANTH;764496$yAlexander Street Press Ethnographic Video Online
=859  \\$aORR$bAlexander Street Press
=883  0\$aLanguage codes assigned by Bayesian analysis of words present in record$d20201028$qUk$c0.9010
=985  \\$aUpgraded by BSS-generated file for WR2011-1472
=CAT  \\$aWR13_071$b00$c20130610$lBLL01$h1613
=CAT  \\$aBATCH$b00$c20130610$lBLL01$h1613
=CAT  \\$aWR16_088$c20160606$lBLL01$h1632
=CAT  \\$aBATCH-UPD$b00$c20160606$lBLL01$h1633
=CAT  \\$aW1610-0368$c20161006$lBLL01$h0938
=CAT  \\$aW1606-1753$c20171028$lBLL01$h1351
=CAT  \\$aW2011-1472$b00$c20201127$lBLL01$h1833
=FIN  \\$aY$d20130610
=LAS  \\$aW2011-1472$b00$c20201127$lBLL01$h1833

