=LDR  02085 gm a2200433uu 4500
=001  016427749
=003  Uk
=005  20201127183323.0
=008  100813s1984\\\\xx\|||\|||||||||||mleng\d
=FMT  \\$a  VM
=035  \\$aASP764498/ant1
=245  00$aAymara Leadership
=260  \\$aWatertown, MA$bDocumentary Educational Resources (DER)$c1984
=306  \\$a29 minutes
=490  0\$aEthnographic Video Online, Volume 1
=505  00$aThe theme of leadership is difficult to convey, especially in another culture, in which outsiders often do not recognize subtle cues and implicit understandings that play so important a role in the exercise and acceptance of authority. This film helps viewers, even if they have no prior familiarity with the Aymara, to appreciate the ways in which a young man manages to minimize conflicts, resolve disputes, and generally promote the social welfare in a community where age and experience have traditionally been highly valued.
=546  \\$aIn English
=650  04$aAymara
=650  \4$aIn-group conflicts
=650  \4$aLeadership
=650  \4$aSocietal structure
=650  \4$aTribal and national groups
=700  1\$aSmith, Hubert.$4aut
=700  1\$aSmith, Hubert.$4drt
=700  1\$aTicona, Manuel$4oth
=773  0\$dWatertown, MA : Documentary Educational Resources (DER), 1984
=856  40$uhttp://www.aspresolver.com/aspresolver.asp?ANTH;764498$yAlexander Street Press Ethnographic Video Online
=859  \\$aORR$bAlexander Street Press
=883  0\$aLanguage codes assigned by Bayesian analysis of words present in record$d20201028$qUk$c0.9010
=985  \\$aUpgraded by BSS-generated file for WR2011-1472
=CAT  \\$aWR13_071$b00$c20130610$lBLL01$h1613
=CAT  \\$aBATCH$b00$c20130610$lBLL01$h1613
=CAT  \\$aWR16_088$c20160606$lBLL01$h1632
=CAT  \\$aBATCH-UPD$b00$c20160606$lBLL01$h1633
=CAT  \\$aW1610-0368$c20161006$lBLL01$h0938
=CAT  \\$aW1606-1753$c20171028$lBLL01$h1351
=CAT  \\$aW2011-1472$b00$c20201127$lBLL01$h1833
=FIN  \\$aY$d20130610
=LAS  \\$aW2011-1472$b00$c20201127$lBLL01$h1833

