=LDR  01679 gm a2200421uu 4500
=001  016427750
=003  Uk
=005  20201127183323.0
=008  100813s2006\\\\xx\|||\|||||||||||mleng\d
=FMT  \\$a  VM
=035  \\$aASP1870867/ant1
=245  00$aAzalai
=260  \\$aParis, France$bZED$c2006
=306  \\$a51 minutes
=490  0\$aEthnographic Video Online, Volume 1
=505  00$aIn the North of Mali, the Kounta nomads still travel across the desert to reach the salt mines of southern Algeria. For 40 days, they will walk 1500 km to get 6 tonnes of "white gold" from the Taoudenni mines. This great salt odyssey is called Azalai.
=546  \\$aIn English
=650  04$aKounta
=650  \4$aTribal and national groups
=650  \4$aCultural identity
=650  \4$aTrade
=650  \4$aDesert travel
=700  1\$aBugaud, Thierry$4drt
=700  1\$aBanday, Paul.$4nrt
=773  0\$dParis, France : ZED, 2006
=856  40$uhttp://www.aspresolver.com/aspresolver.asp?ANTH;1870867$yAlexander Street Press Ethnographic Video Online
=859  \\$aORR$bAlexander Street Press
=883  0\$aLanguage codes assigned by Bayesian analysis of words present in record$d20201028$qUk$c0.9010
=985  \\$aUpgraded by BSS-generated file for WR2011-1472
=CAT  \\$aWR13_071$b00$c20130610$lBLL01$h1613
=CAT  \\$aBATCH$b00$c20130610$lBLL01$h1613
=CAT  \\$aWR16_088$c20160606$lBLL01$h1632
=CAT  \\$aBATCH-UPD$b00$c20160606$lBLL01$h1633
=CAT  \\$aW1610-0368$c20161006$lBLL01$h0938
=CAT  \\$aW1606-1753$c20171028$lBLL01$h1351
=CAT  \\$aW2011-1472$b00$c20201127$lBLL01$h1833
=FIN  \\$aY$d20130610
=LAS  \\$aW2011-1472$b00$c20201127$lBLL01$h1833

