=LDR  01805 gm a2200385uu 4500
=001  016427751
=003  Uk
=005  20201127183323.0
=008  100813s2005\\\\xx\|||\|||||||||||mleng\d
=FMT  \\$a  VM
=035  \\$aASP1870875/ant1
=245  00$aBaby catchers of the Amazon
=260  \\$aParis, France$bZED$c2005
=306  \\$a52 minutes
=490  0\$aEthnographic Video Online, Volume 1
=505  00$aIn Brazil, it is said that a pregnant woman has one foot in her grave. Young mothers depend on traditional midwives who accompany them through the storm of birth giving thanks to their ancestral knowledge which they humbly describe as a "gift from god"."Baby Catchers of the Amazon" is an intimate and moving portrait of Dona Dorca and Dona Ilda, who welcome life and confront death in a place where the very continuation of life often relies on their leathery hands.
=546  \\$aIn English
=650  04$aAmerican Indian
=650  \4$aTribal and national groups
=650  \4$aChildbirth
=650  \4$aMidwives
=700  1\$aPommez, Stephanie$4drt
=773  0\$dParis, France : ZED, 2005
=856  40$uhttp://www.aspresolver.com/aspresolver.asp?ANTH;1870875$yAlexander Street Press Ethnographic Video Online
=859  \\$aORR$bAlexander Street Press
=883  0\$aLanguage codes assigned by Bayesian analysis of words present in record$d20201028$qUk$c0.9010
=985  \\$aUpgraded by BSS-generated file for WR2011-1472
=CAT  \\$aWR13_071$b00$c20130610$lBLL01$h1613
=CAT  \\$aBATCH$b00$c20130610$lBLL01$h1613
=CAT  \\$aWR16_088$c20160606$lBLL01$h1632
=CAT  \\$aW1610-0368$c20161006$lBLL01$h0938
=CAT  \\$aW1606-1753$c20171028$lBLL01$h1351
=CAT  \\$aW2011-1472$b00$c20201127$lBLL01$h1833
=FIN  \\$aY$d20130610
=LAS  \\$aW2011-1472$b00$c20201127$lBLL01$h1833

