=LDR  01843 gm a2200433uu 4500
=001  016427752
=003  Uk
=005  20201127183323.0
=008  100813s2005\\\\xx\|||\|||||||||||mleng\d
=FMT  \\$a  VM
=035  \\$aASP1870878/ant1
=245  00$aBalapan, the Wings of the Altai
=260  \\$aParis, France$bZED$c2005
=306  \\$a51 minutes
=490  0\$aEthnographic Video Online, Volume 1
=505  00$aIn the Deloun valley of western Mongolia, men struggle to keep their sheep herd alive from hungry wolves. To fight back, they have decided to organize a massive wolves hunt with their tamed eagle. Khoda Bergen, a 4 years-old and dreams of participating in the hunt. Before that however, he will first have to capture and train a Balapan, a young eagle.
=546  \\$aIn Altai, English, Subtitles in English
=650  04$aAltai
=650  \4$aLivestock
=650  \4$aHunting
=650  \4$aEagles
=650  \4$aWolves
=650  \4$aTraditional history
=650  \4$aTribal and national groups
=700  1\$aSardar, Hamid.$4drt
=773  0\$dParis, France : ZED, 2005
=856  40$uhttp://www.aspresolver.com/aspresolver.asp?ANTH;1870878$yAlexander Street Press Ethnographic Video Online
=859  \\$aORR$bAlexander Street Press
=883  0\$aLanguage codes assigned by Bayesian analysis of words present in record$d20201028$qUk$c0.9010
=985  \\$aUpgraded by BSS-generated file for WR2011-1472
=CAT  \\$aWR13_071$b00$c20130610$lBLL01$h1613
=CAT  \\$aBATCH$b00$c20130610$lBLL01$h1613
=CAT  \\$aWR16_088$c20160606$lBLL01$h1632
=CAT  \\$aW1610-0368$c20161006$lBLL01$h0938
=CAT  \\$aW1606-1753$c20171028$lBLL01$h1351
=CAT  \\$aBATCH-UPD$b00$c20190902$lBLL01$h2019
=CAT  \\$aW2011-1472$b00$c20201127$lBLL01$h1833
=FIN  \\$aY$d20130610
=LAS  \\$aW2011-1472$b00$c20201127$lBLL01$h1833

