=LDR  02311 gm a2200469uu 4500
=001  016427753
=003  Uk
=005  20201127183323.0
=008  100813s9999\\\\xx\|||\|||||||||||mleng\d
=FMT  \\$a  VM
=035  \\$aASP1689316/ant1
=245  00$aBali: Beyond the Postcard
=260  \\$aNew York, NY$bFilmakers Library
=306  \\$a61 minutes
=490  0\$aEthnographic Video Online, Volume 1
=505  00$aIn Bali Beyond The Postcard, art and everyday life come together in an intimate story about a Balinese family whose gamelan music and Legong dance tradition spans four generations. The documentary follows an important event in the history of the family - the passing down of the Legong dance legacy to the youngest, a nine-year-old member of the family. From the first rehearsal taught by the mother to the final debut presided over by the family's ninety-year-old patriarch and gamelan master, the filmmakers capture the intensity with which tradition evolves and is passed on in Bali. The result is an intimate view into a dynamic culture steeped in ancient traditions and increasingly exposed to the modern world.
=546  \\$aIn English
=650  04$aBalinese
=650  \4$aReligious education
=650  \4$aExpression
=650  \4$aCultural identity
=650  \4$aMusic composition
=650  \4$aFolk music
=700  1\$aStern, Peggy.$4pro
=700  1\$aDawkins, David.$4aut
=700  1\$aDawkins, David.$4drt
=700  1\$aLuh, Ni$4oth
=700  1\$aDawkins, David.$4nrt
=773  0\$dNew York, NY : Filmakers Library
=856  40$uhttp://www.aspresolver.com/aspresolver.asp?ANTH;1689316$yAlexander Street Press Ethnographic Video Online
=859  \\$aORR$bAlexander Street Press
=883  0\$aLanguage codes assigned by Bayesian analysis of words present in record$d20201028$qUk$c0.9010
=985  \\$aUpgraded by BSS-generated file for WR2011-1472
=CAT  \\$aWR13_071$b00$c20130610$lBLL01$h1613
=CAT  \\$aBATCH$b00$c20130610$lBLL01$h1613
=CAT  \\$aWR16_088$c20160606$lBLL01$h1632
=CAT  \\$aBATCH-UPD$b00$c20160606$lBLL01$h1633
=CAT  \\$aW1610-0368$c20161006$lBLL01$h0938
=CAT  \\$aW1606-1753$c20171028$lBLL01$h1351
=CAT  \\$aW2011-1472$b00$c20201127$lBLL01$h1833
=FIN  \\$aY$d20130610
=LAS  \\$aW2011-1472$b00$c20201127$lBLL01$h1833

