=LDR  02075 gm a2200469uu 4500
=001  016427754
=003  Uk
=005  20201127183323.0
=008  100813s1992\\\\xx\|||\|||||||||||mleng\d
=FMT  \\$a  VM
=035  \\$aASP764502/ant1
=245  00$aBalinese Requiem
=260  \\$aWatertown, MA$bDocumentary Educational Resources (DER)$c1992
=306  \\$a63 minutes
=490  0\$aEthnographic Video Online, Volume 1
=505  00$aRecorded in 1988
=520  3\$aIn a Balinese village, families go to great trouble and expense for their extravagant cremation ceremony. They provide special foods to mourners and prepare a bounty of offerings for the deceased, from gifts of money to symbolic baskets. The atmosphere is almost festive as a shadow puppet show is performed for the entertainment of the deceased, inheritances are distributed, and musical processions of mourners walk the streets.
=546  \\$aIn English
=650  04$aBalinese
=650  \4$aDeath
=650  \4$aRural population
=650  \4$aReligious rites and ceremonies
=650  \4$aBurial customs
=650  \4$aFunerals
=650  \4$aReligion
=700  1\$aŌmori, Yasuhiro.$4pro
=700  1\$aŌmori, Yasuhiro.$4aut
=700  1\$aŌmori, Yasuhiro.$4drt
=773  0\$dWatertown, MA : Documentary Educational Resources (DER), 1992
=856  40$uhttp://www.aspresolver.com/aspresolver.asp?ANTH;764502$yAlexander Street Press Ethnographic Video Online
=859  \\$aORR$bAlexander Street Press
=883  0\$aLanguage codes assigned by Bayesian analysis of words present in record$d20201028$qUk$c0.9010
=985  \\$aUpgraded by BSS-generated file for WR2011-1472
=CAT  \\$aWR13_071$b00$c20130610$lBLL01$h1613
=CAT  \\$aBATCH$b00$c20130610$lBLL01$h1613
=CAT  \\$aBATCH-UPD$b00$c20130610$lBLL01$h1614
=CAT  \\$aWR16_088$c20160606$lBLL01$h1632
=CAT  \\$aW1610-0368$c20161006$lBLL01$h0938
=CAT  \\$aW1606-1753$c20171028$lBLL01$h1351
=CAT  \\$aW2011-1472$b00$c20201127$lBLL01$h1833
=FIN  \\$aY$d20130610
=LAS  \\$aW2011-1472$b00$c20201127$lBLL01$h1833

