=LDR  02044 gm a2200505uu 4500
=001  016427755
=003  Uk
=005  20201127183323.0
=008  100813s1981\\\\xx\|||\|||||||||||mleng\d
=FMT  \\$a  VM
=035  \\$aASP764348/ant1
=245  00$aA Balinese Trance Seance & Jero on Jero: A Balinese Trance Seance Observed
=260  \\$aWatertown, MA$bDocumentary Educational Resources (DER)$c1981
=306  \\$a47 minutes
=490  0\$aEthnographic Video Online, Volume 1
=505  00$aRecorded in 1980
=520  3\$aIn 1980, anthropologist Linda Connor and filmmakers Tim and Patsy Asch returned to Bali with video cassette recordings of A Balinese Trance Seance. Jero Tapakan, the spirit medium, was invited to view the footage.
=650  04$aBalinese
=650  \4$aMediums
=650  \4$aReligious rites and ceremonies
=650  \4$aSpiritual possession
=700  1\$aAsch, Patsy.$4pro
=700  1\$aAsch, Timothy.$4pro
=700  1\$aConnor, Linda$4pro
=700  1\$aAsch, Patsy.$4aut
=700  1\$aAsch, Timothy.$4aut
=700  1\$aConnor, Linda$4aut
=700  1\$aAsch, Patsy.$4drt
=700  1\$aAsch, Timothy.$4drt
=700  1\$aConnor, Linda$4drt
=700  1\$aTapakan, Jero$4oth
=773  0\$dWatertown, MA : Documentary Educational Resources (DER), 1981
=856  40$uhttp://www.aspresolver.com/aspresolver.asp?ANTH;764348$yAlexander Street Press Ethnographic Video Online
=859  \\$aORR$bAlexander Street Press
=883  0\$aLanguage codes assigned by Bayesian analysis of words present in record$d20201028$qUk$c0.9010
=985  \\$aUpgraded by BSS-generated file for WR2011-1472
=CAT  \\$aWR13_071$b00$c20130610$lBLL01$h1613
=CAT  \\$aBATCH$b00$c20130610$lBLL01$h1613
=CAT  \\$aWR16_088$c20160606$lBLL01$h1632
=CAT  \\$aBATCH-UPD$b00$c20160606$lBLL01$h1633
=CAT  \\$aW1610-0368$c20161006$lBLL01$h0938
=CAT  \\$aW1606-1753$c20171028$lBLL01$h1351
=CAT  \\$aW2011-1472$b00$c20201127$lBLL01$h1833
=FIN  \\$aY$d20130610
=LAS  \\$aW2011-1472$b00$c20201127$lBLL01$h1833

