=LDR  02575 gm a2200589uu 4500
=001  016427756
=003  Uk
=005  20201127183323.0
=008  100813s2007\\\\xx\|||\|||||||||||mleng\d
=FMT  \\$a  VM
=035  \\$aASP912777/ant1
=245  00$aThe Ballad of Esequiel Hernández
=260  \\$aWatertown, MA$bDocumentary Educational Resources (DER)$c2007
=306  \\$a82 minutes
=490  0\$aEthnographic Video Online, Volume 1
=505  00$aIn 1997, no one in the small town (pop. 100) of Redford, Texas knew that U.S. Marine teams, fully camouflaged and armed with M16 rifles, had been secretly deployed to their section of the border. Farmers like the Hern‡ndez family, who lived by the river, went on working their fields and tending to their livestock. On the evening of May 20, 18-year-old Esequiel Hernández Jr. left the house to tend to his family's goats, taking with him, as usual, a .22 rifle to keep away wild dogs. It was the last evening of his life.
=546  \\$aIn English
=600  14$aHernández, Esequiel, Jr.
=650  04$aAmerican
=650  \4$aMilitary
=650  \4$aPolitics
=650  \4$aTrials
=650  \4$aCriminal investigations
=650  \4$aShootings
=650  \4$aSoldiers
=650  \4$aCrossing borders
=650  \4$aDrug trafficking
=700  1\$aFitzgerald, Brendan.$4pro
=700  1\$aSlattery-Quintanilla, Shane.$4pro
=700  1\$aFitzgerald, Brendan.$4aut
=700  1\$aFitzgerald, Kieran.$4aut
=700  1\$aSlattery-Quintanilla, Shane.$4aut
=700  1\$aFitzgerald, Kieran.$4drt
=700  1\$aBlood, James$4oth
=700  1\$aMadrid, Enrique$4oth
=700  1\$aTorrez, Roy, Jr.$4oth
=700  1\$aWieler, Ronald$4oth
=700  1\$aJones, Tommy Lee$4nrt
=773  0\$dWatertown, MA : Documentary Educational Resources (DER), 2007
=856  40$uhttp://www.aspresolver.com/aspresolver.asp?ANTH;912777$yAlexander Street Press Ethnographic Video Online
=859  \\$aORR$bAlexander Street Press
=883  0\$aLanguage codes assigned by Bayesian analysis of words present in record$d20201028$qUk$c0.9010
=985  \\$aUpgraded by BSS-generated file for WR2011-1472
=CAT  \\$aWR13_071$b00$c20130610$lBLL01$h1613
=CAT  \\$aBATCH$b00$c20130610$lBLL01$h1613
=CAT  \\$aWR16_088$c20160606$lBLL01$h1632
=CAT  \\$aBATCH-UPD$b00$c20160606$lBLL01$h1633
=CAT  \\$aW1610-0368$c20161006$lBLL01$h0938
=CAT  \\$aW1606-1753$c20171028$lBLL01$h1351
=CAT  \\$aW2011-1472$b00$c20201127$lBLL01$h1833
=FIN  \\$aY$d20130610
=LAS  \\$aW2011-1472$b00$c20201127$lBLL01$h1833

