=LDR  01475 gm a2200397uu 4500
=001  016427758
=003  Uk
=005  20201127183323.0
=008  100813s1989\\\\xx\|||\|||||||||||mleng\d
=FMT  \\$a  VM
=035  \\$aASP765340/ant1
=245  00$aThe Bapst Brothers, Carriers
=260  \\$aWatertown, MA$bDocumentary Educational Resources (DER)$c1989
=306  \\$a26 minutes
=490  0\$aEthnographic Video Online, Volume 1
=505  00$aIn French, Subtitles in English
=650  04$aSwiss
=650  \4$aLoggers
=650  \4$aBrothers
=650  \4$aLogging
=700  1\$aVeuve, Jacqueline.$4aut
=700  1\$aVeuve, Jacqueline.$4drt
=773  0\$dWatertown, MA : Documentary Educational Resources (DER), 1989
=856  40$uhttp://www.aspresolver.com/aspresolver.asp?ANTH;765340$yAlexander Street Press Ethnographic Video Online
=859  \\$aORR$bAlexander Street Press
=883  0\$aLanguage codes assigned by Bayesian analysis of words present in record$d20201028$qUk$c0.9010
=985  \\$aUpgraded by BSS-generated file for WR2011-1472
=CAT  \\$aWR13_071$b00$c20130610$lBLL01$h1613
=CAT  \\$aBATCH$b00$c20130610$lBLL01$h1613
=CAT  \\$aWR16_088$c20160606$lBLL01$h1632
=CAT  \\$aBATCH-UPD$b00$c20160606$lBLL01$h1633
=CAT  \\$aW1610-0368$c20161006$lBLL01$h0938
=CAT  \\$aW1606-1753$c20171028$lBLL01$h1351
=CAT  \\$aW2011-1472$b00$c20201127$lBLL01$h1833
=FIN  \\$aY$d20130610
=LAS  \\$aW2011-1472$b00$c20201127$lBLL01$h1833

