=LDR  02139 gm a2200517uu 4500
=001  016427759
=003  Uk
=005  20201127183323.0
=008  100813s1999\\\\xx\|||\|||||||||||mleng\d
=FMT  \\$a  VM
=035  \\$aASP764508/ant1
=245  00$aBarbarians: Fierce and Friendly
=260  \\$aWatertown, MA$bDocumentary Educational Resources (DER)$c1999
=306  \\$a10 minutes
=490  0\$aEthnographic Video Online, Volume 1
=505  00$aLike people elsewhere, Japanese throughout their history have encountered aliens in reality and in fantasy, and then have tried to incorporate them into their view of the world. Ronald P. Toby, noted Japanese historian, examines ways in which the Japanese have expressed their understanding of the foreign such as Koreans, Okinawans, Chinese and Americans, both black and white.
=546  \\$aIn English
=650  04$aJapanese
=650  \4$aCultural change and history
=650  \4$aMemories
=650  \4$aViolence
=650  \4$aWar
=650  \4$aCultural identity
=650  \4$aPolitics
=650  \4$aArt
=700  1\$aIkeda, Hajime$4pro
=700  1\$aKincaid, Chet.$4pro
=700  1\$aToby, Ronald$4aut
=700  1\$aIkeda, Hajime$4drt
=700  1\$aKincaid, Chet.$4drt
=700  1\$aToby, Ronald$4oth
=700  1\$aToby, Ronald$4nrt
=773  0\$dWatertown, MA : Documentary Educational Resources (DER), 1999
=856  40$uhttp://www.aspresolver.com/aspresolver.asp?ANTH;764508$yAlexander Street Press Ethnographic Video Online
=859  \\$aORR$bAlexander Street Press
=883  0\$aLanguage codes assigned by Bayesian analysis of words present in record$d20201028$qUk$c0.9010
=985  \\$aUpgraded by BSS-generated file for WR2011-1472
=CAT  \\$aWR13_071$b00$c20130610$lBLL01$h1613
=CAT  \\$aBATCH$b00$c20130610$lBLL01$h1613
=CAT  \\$aWR16_088$c20160606$lBLL01$h1632
=CAT  \\$aBATCH-UPD$b00$c20160606$lBLL01$h1633
=CAT  \\$aW1610-0368$c20161006$lBLL01$h0938
=CAT  \\$aW1606-1753$c20171028$lBLL01$h1351
=CAT  \\$aW2011-1472$b00$c20201127$lBLL01$h1833
=FIN  \\$aY$d20130610
=LAS  \\$aW2011-1472$b00$c20201127$lBLL01$h1833

