=LDR  01935 gm a2200481uu 4500
=001  016427761
=003  Uk
=005  20201127183323.0
=008  100813s1994\\\\xx\|||\|||||||||||mleng\d
=FMT  \\$a  VM
=035  \\$aASP764510/ant1
=245  00$aBarracks Man (L'homme des Casernes)
=260  \\$aWatertown, MA$bDocumentary Educational Resources (DER)$c1994
=306  \\$a90 minutes
=490  0\$aEthnographic Video Online, Volume 1
=505  00$aRecorded in 1990
=520  3\$aThis film deals with the issue of mandatory military service in Switzerland. For four months, from February to May 1990, filmmaker Jacqueline Veuve and her team filmed a platoon engaged in basic training at Colombier, Switzerland.
=546  \\$aIn French, Subtitles in English
=650  04$aSwiss
=650  \4$aPsychology
=650  \4$aMilitary training
=650  \4$aNational government
=650  \4$aMilitias
=650  \4$aCultural identity
=650  \4$aPolitics
=650  \4$aSoldiers
=700  1\$aVeuve, Jacqueline.$4pro
=700  1\$aVeuve, Jacqueline.$4aut
=700  1\$aVeuve, Jacqueline.$4drt
=773  0\$dWatertown, MA : Documentary Educational Resources (DER), 1994
=856  40$uhttp://www.aspresolver.com/aspresolver.asp?ANTH;764510$yAlexander Street Press Ethnographic Video Online
=859  \\$aORR$bAlexander Street Press
=883  0\$aLanguage codes assigned by Bayesian analysis of words present in record$d20201028$qUk$c0.9010
=985  \\$aUpgraded by BSS-generated file for WR2011-1472
=CAT  \\$aWR13_071$b00$c20130610$lBLL01$h1613
=CAT  \\$aBATCH$b00$c20130610$lBLL01$h1613
=CAT  \\$aWR16_088$c20160606$lBLL01$h1632
=CAT  \\$aBATCH-UPD$b00$c20160606$lBLL01$h1633
=CAT  \\$aW1610-0368$c20161006$lBLL01$h0938
=CAT  \\$aW1606-1753$c20171028$lBLL01$h1351
=CAT  \\$aW2011-1472$b00$c20201127$lBLL01$h1833
=FIN  \\$aY$d20130610
=LAS  \\$aW2011-1472$b00$c20201127$lBLL01$h1833

