=LDR  02203 gm a2200565uu 4500
=001  016427763
=003  Uk
=005  20201127183323.0
=008  100813s2005\\\\xx\|||\|||||||||||mleng\d
=FMT  \\$a  VM
=035  \\$aASP764500/ant1
=245  00$aB.A.T.A.M.
=260  \\$aWatertown, MA$bDocumentary Educational Resources (DER)$c2005
=306  \\$a33 minutes
=490  0\$aEthnographic Video Online, Volume 1
=505  00$aB.A.T.A.M. tells the contrasting stories of two women: Wati, a young factory worker, and Dewi, a prostitute, both of whom live through a dramatic transformation on the Indonesian island of Batam, located on Singapore's doorstep.
=546  \\$aIn English
=650  04$aIndonesian
=650  \4$aEconomic development
=650  \4$aImmigration and emigration
=650  \4$aWomen in workforce
=650  \4$aCultural change and history
=650  \4$aProstitution
=650  \4$aGender
=650  \4$aWomen
=700  1\$aDalzell, Liam$4pro
=700  1\$aEriksson, Per Erik.$4pro
=700  1\$aLindquist, Johan.$4pro
=700  1\$aDalzell, Liam$4aut
=700  1\$aEriksson, Per Erik.$4aut
=700  1\$aLindquist, Johan.$4aut
=700  1\$aDalzell, Liam$4drt
=700  1\$aEriksson, Per Erik.$4drt
=700  1\$aLindquist, Johan.$4drt
=700  1\$aLindquist, Johan.$4nrt
=773  0\$dWatertown, MA : Documentary Educational Resources (DER), 2005
=856  40$uhttp://www.aspresolver.com/aspresolver.asp?ANTH;764500$yAlexander Street Press Ethnographic Video Online
=859  \\$aORR$bAlexander Street Press
=883  0\$aLanguage codes assigned by Bayesian analysis of words present in record$d20201028$qUk$c0.9010
=985  \\$aUpgraded by BSS-generated file for WR2011-1472
=CAT  \\$aWR13_071$b00$c20130610$lBLL01$h1613
=CAT  \\$aBATCH$b00$c20130610$lBLL01$h1613
=CAT  \\$aWR16_088$c20160606$lBLL01$h1632
=CAT  \\$aBATCH-UPD$b00$c20160606$lBLL01$h1633
=CAT  \\$aW1610-0368$c20161006$lBLL01$h0938
=CAT  \\$aBATCH-UPD$b00$c20170728$lBLL01$h2021
=CAT  \\$aW1606-1753$c20171028$lBLL01$h1351
=CAT  \\$aW2011-1472$b00$c20201127$lBLL01$h1833
=FIN  \\$aY$d20130610
=LAS  \\$aW2011-1472$b00$c20201127$lBLL01$h1833

