=LDR  02271 gm a2200565uu 4500
=001  016427764
=003  Uk
=005  20201127183323.0
=008  100813s2007\\\\xx\|||\|||||||||||mleng\d
=FMT  \\$a  VM
=035  \\$aASP764512/ant1
=245  00$aBeing Innu
=260  \\$aWatertown, MA$bDocumentary Educational Resources (DER)$c2007
=306  \\$a76 minutes
=490  0\$aEthnographic Video Online, Volume 1
=505  00$aFor thousands of years the Innu lived off the land. They were nomads, sometimes also known as the Montagnais. In the 1960s, government policy forced them to settle and form communities in Labrador and Quebec. Ancestral ways collided with modern ones, and gave rise to ongoing struggles. Now the grandchildren tell their own story.
=546  \\$aIn English
=650  04$aInnu
=650  \4$aAlcoholism
=650  \4$aAddictions
=650  \4$aSuicides
=650  \4$aCultural assimilation
=650  \4$aCultural identity
=650  \4$aTribal and national groups
=650  \4$aCultural change and history
=700  1\$aMullins, Catherine.$4pro
=700  1\$aMullins, Catherine.$4aut
=700  1\$aMullins, Catherine.$4drt
=700  1\$aAndrew, Michel$4oth
=700  1\$aAndrew, Theresa$4oth
=700  0\$aApril.$4oth
=700  1\$aJimmy$4oth
=700  1\$aMichel, Penote$4oth
=700  1\$aMontague, David.$4oth
=700  1\$aNeil$4oth
=773  0\$dWatertown, MA : Documentary Educational Resources (DER), 2007
=856  40$uhttp://www.aspresolver.com/aspresolver.asp?ANTH;764512$yAlexander Street Press Ethnographic Video Online
=859  \\$aORR$bAlexander Street Press
=883  0\$aLanguage codes assigned by Bayesian analysis of words present in record$d20201028$qUk$c0.9010
=985  \\$aUpgraded by BSS-generated file for WR2011-1472
=CAT  \\$aWR13_071$b00$c20130610$lBLL01$h1613
=CAT  \\$aBATCH$b00$c20130610$lBLL01$h1613
=CAT  \\$aBATCH-UPD$b00$c20130610$lBLL01$h1614
=CAT  \\$aWR16_088$c20160606$lBLL01$h1632
=CAT  \\$aBATCH-UPD$b00$c20160606$lBLL01$h1633
=CAT  \\$aW1610-0368$c20161006$lBLL01$h0938
=CAT  \\$aW1606-1753$c20171028$lBLL01$h1351
=CAT  \\$aW2011-1472$b00$c20201127$lBLL01$h1833
=FIN  \\$aY$d20130610
=LAS  \\$aW2011-1472$b00$c20201127$lBLL01$h1833

