=LDR  02523 gm a2200637uu 4500
=001  016427768
=003  Uk
=005  20201127183323.0
=008  100813s2001\\\\xx\|||\|||||||||||mleng\d
=FMT  \\$a  VM
=035  \\$aASP764516/ant1
=245  00$aBendum: In The Heart of Mindanao
=260  \\$aWatertown, MA$bDocumentary Educational Resources (DER)$c2001
=306  \\$a29 minutes
=490  0\$aEthnographic Video Online, Volume 1
=505  00$aThis documentary is about the homeland and daily life of an indigenous tribal community in the tropical uplands of central Mindanao, Philippines. In this small village called Bendum, the local community has successfully struggled, after decades of commercialized logging and deforestation, to gain control over their ancestral lands.
=546  \\$aIn English
=650  04$aLumad
=650  \4$aCultural identity
=650  \4$aEconomics
=650  \4$aEnvironment
=650  \4$aPolitics
=650  \4$aProperty rights
=650  \4$aTribal and national groups
=700  1\$aCollins, Anthony.$4pro
=700  1\$aCollins, Anthony.$4aut
=700  1\$aCollins, Anthony.$4drt
=700  1\$aAmay Gangga$4oth
=700  1\$aDatu Matingga$4oth
=700  1\$aDugan, Patrick$4oth
=700  1\$aIgnacio, Andres$4oth
=700  1\$aInay Bebe$4oth
=700  1\$aInay Boboy$4oth
=700  1\$aInay Lucy$4oth
=700  1\$aMansudungan$4oth
=700  1\$aMantumbasan$4oth
=700  1\$aPoffenberger, Mark$4oth
=700  1\$aVitug, Marites$4oth
=700  1\$aWalpole, Peter.$4oth
=773  0\$dWatertown, MA : Documentary Educational Resources (DER), 2001
=856  40$uhttp://www.aspresolver.com/aspresolver.asp?ANTH;764516$yAlexander Street Press Ethnographic Video Online
=859  \\$aORR$bAlexander Street Press
=883  0\$aLanguage codes assigned by Bayesian analysis of words present in record$d20201028$qUk$c0.9010
=985  \\$aUpgraded by BSS-generated file for WR2011-1472
=CAT  \\$aWR13_071$b00$c20130610$lBLL01$h1613
=CAT  \\$aBATCH$b00$c20130610$lBLL01$h1613
=CAT  \\$aBATCH-UPD$b00$c20160519$lBLL01$h2025
=CAT  \\$aWR16_088$c20160606$lBLL01$h1632
=CAT  \\$aW1610-0368$c20161006$lBLL01$h0938
=CAT  \\$aW1606-1753$c20171028$lBLL01$h1351
=CAT  \\$a8870$b40$c20200211$lBLL01$h0932
=CAT  \\$aBATCH-UPD$b40$c20200211$lBLL01$h0933
=CAT  \\$a8870$b40$c20200211$lBLL01$h0935
=CAT  \\$aW2011-1472$b00$c20201127$lBLL01$h1833
=FIN  \\$aY$d20130610
=LAS  \\$aW2011-1472$b00$c20201127$lBLL01$h1833

