=LDR  02311 gm a2200409uu 4500
=001  016427769
=003  Uk
=005  20201127183323.0
=008  100813s1963\\\\xx\|||\|||||||||||mleng\d
=FMT  \\$a  VM
=035  \\$aASP1871083/ant1
=245  00$aBenin Kingship Rituals
=260  \\$aLondon, UK$bRoyal Anthropological Institute$c1963
=306  \\$a20 minutes
=490  0\$aEthnographic Video Online, Volume 1
=505  00$aUntil it was conquered by the British in 1897, the city of Benin, in what is now Nigeria, was the centre of a powerful kingdom. Its rulers, the Obas of Benin, were mysterious, secluded figures who spent much of their time in the performance of rituals designed to enhance their power and to ensure the prosperity of their subjects. Many of the art objects for which Benin is famous were used in these rituals, some of which are still performed.This film shows some of the most significant moments in the rituals that take place around the beginning of the new year, including the greatest event of the ritual year, the Igwe Festival, in which the Obas divine powers are strengthened and renewed. The object of worship is the head of the living Oba, the seat of his ritual energy, on which the well-being of the nation is believed to depend on.
=546  \\$aIn English
=650  04$aEdo
=650  \4$aCultural identity
=650  \4$aReligious festivals
=650  \4$aTribal and national groups
=650  \4$aReligious rites and ceremonies
=700  1\$aBradbury, R. E.$4pro
=700  1\$aSpeed, Frank$4pro
=773  0\$dLondon, UK : Royal Anthropological Institute, 1963
=856  40$uhttp://www.aspresolver.com/aspresolver.asp?ANTH;1871083$yAlexander Street Press Ethnographic Video Online
=859  \\$aORR$bAlexander Street Press
=883  0\$aLanguage codes assigned by Bayesian analysis of words present in record$d20201028$qUk$c0.9010
=985  \\$aUpgraded by BSS-generated file for WR2011-1472
=CAT  \\$aWR13_071$b00$c20130610$lBLL01$h1613
=CAT  \\$aBATCH$b00$c20130610$lBLL01$h1613
=CAT  \\$aWR16_088$c20160606$lBLL01$h1632
=CAT  \\$aW1610-0368$c20161006$lBLL01$h0938
=CAT  \\$aW1606-1753$c20171028$lBLL01$h1351
=CAT  \\$aW2011-1472$b00$c20201127$lBLL01$h1833
=FIN  \\$aY$d20130610
=LAS  \\$aW2011-1472$b00$c20201127$lBLL01$h1833

