=LDR  02125 gm a2200469uu 4500
=001  016427770
=003  Uk
=005  20201127183323.0
=008  100813s2002\\\\xx\|||\|||||||||||mleng\d
=FMT  \\$a  VM
=035  \\$aASP764518/ant1
=245  00$aBenjamin and His Brother
=260  \\$aWatertown, MA$bDocumentary Educational Resources (DER)$c2002
=306  \\$a88 minutes
=490  0\$aEthnographic Video Online, Volume 1
=505  00$aYears of war and ethnic conflict in the Sudan have created a generation of young men, known as the "Lost Boys," who have spent more years in refugee camps than in their home communities. This intimate film recounts the story of Benjamin and William Deng, brothers joined in the struggle of a seemingly never-ending exile, who are then separated when one is accepted into a United States resettlement program while the other remains in a Kenyan refugee camp.
=546  \\$aIn English
=650  04$aSudanese
=650  \4$aCultural assimilation
=650  \4$aRefugees
=650  \4$aStarting new job
=650  \4$aBrothers
=650  \4$aImmigrant populations
=700  1\$aHowes, Arthur.$4aut
=700  1\$aHowes, Arthur.$4drt
=700  1\$aDeng, Benjamin$4oth
=700  1\$aDeng, William.$4oth
=773  0\$dWatertown, MA : Documentary Educational Resources (DER), 2002
=856  40$uhttp://www.aspresolver.com/aspresolver.asp?ANTH;764518$yAlexander Street Press Ethnographic Video Online
=859  \\$aORR$bAlexander Street Press
=883  0\$aLanguage codes assigned by Bayesian analysis of words present in record$d20201028$qUk$c0.9010
=985  \\$aUpgraded by BSS-generated file for WR2011-1472
=CAT  \\$aWR13_071$b00$c20130610$lBLL01$h1613
=CAT  \\$aBATCH$b00$c20130610$lBLL01$h1613
=CAT  \\$aWR16_088$c20160606$lBLL01$h1632
=CAT  \\$aBATCH-UPD$b00$c20160606$lBLL01$h1633
=CAT  \\$aW1610-0368$c20161006$lBLL01$h0938
=CAT  \\$aW1606-1753$c20171028$lBLL01$h1351
=CAT  \\$a5194$b40$c20180619$lBLL01$h0841
=CAT  \\$aW2011-1472$b00$c20201127$lBLL01$h1833
=FIN  \\$aY$d20130610
=LAS  \\$aW2011-1472$b00$c20201127$lBLL01$h1833

