=LDR  02018 gm a2200505uu 4500
=001  016427771
=003  Uk
=005  20201127183323.0
=008  100813s2001\\\\xx\|||\|||||||||||mleng\d
=FMT  \\$a  VM
=035  \\$aASP764520/ant1
=245  00$aBetween Two Worlds: John Marshall
=260  \\$aWatertown, MA$bDocumentary Educational Resources (DER)$c2001
=306  \\$a52 minutes
=490  0\$aEthnographic Video Online, Volume 1
=505  00$aLegendary filmmaker John Marshall discusses his long career in a conversation with Cynthia Close, Executive Director of Documentary Educational Resources.
=546  \\$aIn English
=650  04$a!Kung
=650  04$aJu/'hoansi
=650  \4$aTribal and national groups
=650  \4$aField work for anthropology
=650  \4$aEthnographic methodology
=650  \4$aFilms and filmmaking careers
=650  \4$aAnthropology
=700  1\$aLindsay, Calvin, Jr.$4pro
=700  1\$aLindsay, Calvin, Jr.$4aut
=700  1\$aLindsay, Calvin, Jr.$4drt
=700  1\$aClose, Cynthia.$4oth
=700  1\$aMarshall, John,$d1932-2005$4oth
=773  0\$dWatertown, MA : Documentary Educational Resources (DER), 2001
=856  40$uhttp://www.aspresolver.com/aspresolver.asp?ANTH;764520$yAlexander Street Press Ethnographic Video Online
=859  \\$aORR$bAlexander Street Press
=883  0\$aLanguage codes assigned by Bayesian analysis of words present in record$d20201028$qUk$c0.9010
=985  \\$aUpgraded by BSS-generated file for WR2011-1472
=CAT  \\$aWR13_071$b00$c20130610$lBLL01$h1613
=CAT  \\$aBATCH$b00$c20130610$lBLL01$h1613
=CAT  \\$a7416$b40$c20150203$lBLL01$h1147
=CAT  \\$aBATCH-UPD$b40$c20150203$lBLL01$h1147
=CAT  \\$aWR16_088$c20160606$lBLL01$h1632
=CAT  \\$aBATCH-UPD$b00$c20160606$lBLL01$h1633
=CAT  \\$aW1610-0368$c20161006$lBLL01$h0938
=CAT  \\$aW1606-1753$c20171028$lBLL01$h1351
=CAT  \\$aW2011-1472$b00$c20201127$lBLL01$h1833
=FIN  \\$aY$d20130610
=LAS  \\$aW2011-1472$b00$c20201127$lBLL01$h1833

