=LDR  02396 gm a2200421uu 4500
=001  016427772
=003  Uk
=005  20201127183323.0
=008  100813s1996\\\\xx\|||\|||||||||||mleng\d
=FMT  \\$a  VM
=035  \\$aASP1784565/ant1
=245  00$aBetween Two Worlds: The Hmong Shaman in America
=260  \\$aNew York, NY$bFilmakers Library$c1996
=306  \\$a28 minutes
=490  0\$aEthnographic Video Online, Volume 1
=520  3\$aThis classic film documents the Hmong refugees who have been transplanted from their agrarian mountain villages in northern Laos to cities in the U.S. Often living in high-rise tenements, they bring their ancient shamanic rituals and ceremonies to urban America. In such unlikely settings, trance-like healing and animal offerings are practiced as they were back home. The documentary captures rare and dramatic footage of the Hmong buying and sacrificing a cow in rural Illinois to save a sick baby in a metropolitan hospital. It shows the attempts of a missionary to convert a traditional Hmong family. It also explores an unexplained phenomenon (SUNDS) in which young Hmong men have died in their sleep for no apparent medical cause. Anthropologist Dwight Conquergood, well-known for his work with the Hmong, points out the similarity between their beliefs and those of the Native Americans.
=546  \\$aIn English
=650  04$aLaotian
=650  \4$aCultural identity
=650  \4$aTribal and national groups
=650  \4$aImmigration and emigration
=650  \4$aRefugees
=700  1\$aConquergood, Dwight$4pro
=700  1\$aSeigel, Taggart$4pro
=700  1\$aSeigel, Taggart$4drt
=773  0\$dNew York, NY : Filmakers Library, 1996
=856  40$uhttp://www.aspresolver.com/aspresolver.asp?ANTH;1784565$yAlexander Street Press Ethnographic Video Online
=859  \\$aORR$bAlexander Street Press
=883  0\$aLanguage codes assigned by Bayesian analysis of words present in record$d20201028$qUk$c0.9010
=985  \\$aUpgraded by BSS-generated file for WR2011-1472
=CAT  \\$aWR13_071$b00$c20130610$lBLL01$h1613
=CAT  \\$aBATCH$b00$c20130610$lBLL01$h1613
=CAT  \\$aWR16_088$c20160606$lBLL01$h1632
=CAT  \\$aW1610-0368$c20161006$lBLL01$h0938
=CAT  \\$aW1606-1753$c20171028$lBLL01$h1351
=CAT  \\$aW2011-1472$b00$c20201127$lBLL01$h1833
=FIN  \\$aY$d20130610
=LAS  \\$aW2011-1472$b00$c20201127$lBLL01$h1833

