=LDR  02023 gm a2200517uu 4500
=001  016427773
=003  Uk
=005  20201127183323.0
=008  100813s1987\\\\xx\|||\|||||||||||mleng\d
=FMT  \\$a  VM
=035  \\$aASP765342/ant1
=245  00$aThe Bharvad Predicament
=260  \\$aWatertown, MA$bDocumentary Educational Resources (DER)$c1987
=306  \\$a50 minutes
=490  0\$aEthnographic Video Online, Volume 1
=505  00$aRecorded in 1983
=520  3\$aBharvad cattle herdsmen have been nomadic pastorlalists for centuries. This film presents the conflict that has arisen between the local, landholding Kanbi farmers and the Bharvad in Dhrangadhra, western India.
=546  \\$aIn English, Subtitles in English
=650  04$aKanbi
=650  04$aBharvad
=650  \4$aFarmers
=650  \4$aLocal government
=650  \4$aWater supply
=650  \4$aAgricultural conditions
=650  \4$aHerders
=650  \4$aProperty rights
=700  1\$aJhala, Jayasinhji.$4aut
=700  1\$aSandall, Roger.$4aut
=700  1\$aJhala, Jayasinhji.$4drt
=700  1\$aSandall, Roger.$4drt
=700  1\$aGamara Bharvad, Maya$4oth
=700  1\$aGamara Bharvad, Mayra$4oth
=773  0\$dWatertown, MA : Documentary Educational Resources (DER), 1987
=856  40$uhttp://www.aspresolver.com/aspresolver.asp?ANTH;765342$yAlexander Street Press Ethnographic Video Online
=859  \\$aORR$bAlexander Street Press
=883  0\$aLanguage codes assigned by Bayesian analysis of words present in record$d20201028$qUk$c0.9010
=985  \\$aUpgraded by BSS-generated file for WR2011-1472
=CAT  \\$aWR13_071$b00$c20130610$lBLL01$h1613
=CAT  \\$aBATCH$b00$c20130610$lBLL01$h1613
=CAT  \\$aWR16_088$c20160606$lBLL01$h1632
=CAT  \\$aBATCH-UPD$b00$c20160606$lBLL01$h1633
=CAT  \\$aW1610-0368$c20161006$lBLL01$h0938
=CAT  \\$aW1606-1753$c20171028$lBLL01$h1351
=CAT  \\$aW2011-1472$b00$c20201127$lBLL01$h1833
=FIN  \\$aY$d20130610
=LAS  \\$aW2011-1472$b00$c20201127$lBLL01$h1833

