=LDR  02088 gm a2200469uu 4500
=001  016427775
=003  Uk
=005  20201127183323.0
=008  100813s1996\\\\xx\|||\|||||||||||mleng\d
=FMT  \\$a  VM
=035  \\$aASP764522/ant1
=245  00$aBintou in Paris
=260  \\$aWatertown, MA$bDocumentary Educational Resources (DER)$c1996
=306  \\$a15 minutes
=490  0\$aEthnographic Video Online, Volume 1
=505  00$aA "fictional documentary" concerning the volatile topic of female excision, Bintou In Paris tells the story of a young Malinese mother faced with the critical decision of whether or not to excise her baby daughter. Conflicted between relenting to tradition and a desire to do the best for her child, Bintou faces intense pressure from her husband and her mother-in-law when she refuses to get the excision done.
=546  \\$aIn French, Subtitles in English
=650  04$aMalian
=650  \4$aCircumcisions
=650  \4$aWomen
=650  \4$aIntergenerational conflict
=650  \4$aLocal customs
=700  1\$aPimsleur, Julia$4pro
=700  1\$aJohnson, Kristen.$4aut
=700  1\$aPimsleur, Julia$4aut
=700  1\$aJohnson, Kristen.$4drt
=700  1\$aPimsleur, Julia$4drt
=700  1\$aN'Diaye, Diary$4oth
=773  0\$dWatertown, MA : Documentary Educational Resources (DER), 1996
=856  40$uhttp://www.aspresolver.com/aspresolver.asp?ANTH;764522$yAlexander Street Press Ethnographic Video Online
=859  \\$aORR$bAlexander Street Press
=883  0\$aLanguage codes assigned by Bayesian analysis of words present in record$d20201028$qUk$c0.9010
=985  \\$aUpgraded by BSS-generated file for WR2011-1472
=CAT  \\$aWR13_071$b00$c20130610$lBLL01$h1613
=CAT  \\$aBATCH$b00$c20130610$lBLL01$h1613
=CAT  \\$aBATCH-UPD$b00$c20150805$lBLL01$h0952
=CAT  \\$aWR16_088$c20160606$lBLL01$h1632
=CAT  \\$aW1610-0368$c20161006$lBLL01$h0938
=CAT  \\$aW1606-1753$c20171028$lBLL01$h1351
=CAT  \\$aW2011-1472$b00$c20201127$lBLL01$h1833
=FIN  \\$aY$d20130610
=LAS  \\$aW2011-1472$b00$c20201127$lBLL01$h1833

