=LDR  02678 gm a2200457uu 4500
=001  016427777
=003  Uk
=005  20201127183323.0
=008  100813s9999\\\\xx\|||\|||||||||||mleng\d
=FMT  \\$a  VM
=035  \\$aASP1689322/ant1
=245  00$aBisha: The Awesome Fire Test
=260  \\$aNew York, NY$bFilmakers Library
=306  \\$a51 minutes
=490  0\$aEthnographic Video Online, Volume 1
=505  00$aBedouin of the deserts of Arabia and the Middle East have developed a system of law and order called Haj El Orfi - The Law of Knowledge - which evolved from their harsh environment and has been passed down orally for generations. The Bisha ceremony is the ultimate ordeal for revealing the truth. Suspects lick a white-hot iron pan with their tongues. If they are scorched, it shows they are lying: if not, they have unequivocally proven their innocence. This film tells the stories of three individuals who choose to undergo the Bisha. One has been accused of handing over a tribesman to the Israeli Secret Service. One has been accused of murder, and one woman has been accused of adultery for which the penalty is death. She maintains her innocence and undergoes the Bisha in order to save her life. We watch them attempt to vindicate themselves through this awesome ritual. Bisha is a riveting exploration of this unusual custom. The film also delves into other aspects of Bedouin culture -- the role of honored elders, the exorcism of demons, rituals of mystic sects, and other practices of the Bedouin law system.
=650  04$aBedouin
=650  \4$aCultural identity
=650  \4$aMurder
=650  \4$aInfidelity
=650  \4$aSpirituality
=650  \4$aIslam
=700  1\$aSherman-Sides, Nira.$4pro
=700  1\$aSides, Elia.$4pro
=700  1\$aSherman-Sides, Nira.$4aut
=700  1\$aSides, Elia.$4aut
=700  1\$aHyman, Jerry.$4nrt
=773  0\$dNew York, NY : Filmakers Library
=856  40$uhttp://www.aspresolver.com/aspresolver.asp?ANTH;1689322$yAlexander Street Press Ethnographic Video Online
=859  \\$aORR$bAlexander Street Press
=883  0\$aLanguage codes assigned by Bayesian analysis of words present in record$d20201028$qUk$c0.9010
=985  \\$aUpgraded by BSS-generated file for WR2011-1472
=CAT  \\$aWR13_071$b00$c20130610$lBLL01$h1613
=CAT  \\$aBATCH$b00$c20130610$lBLL01$h1613
=CAT  \\$aWR16_088$c20160606$lBLL01$h1632
=CAT  \\$aBATCH-UPD$b00$c20160606$lBLL01$h1633
=CAT  \\$aW1610-0368$c20161006$lBLL01$h0938
=CAT  \\$aW1606-1753$c20171028$lBLL01$h1351
=CAT  \\$aW2011-1472$b00$c20201127$lBLL01$h1833
=FIN  \\$aY$d20130610
=LAS  \\$aW2011-1472$b00$c20201127$lBLL01$h1833

