=LDR  02117 gm a2200529uu 4500
=001  016427778
=003  Uk
=005  20201127183323.0
=008  100813s1971\\\\xx\|||\|||||||||||mleng\d
=FMT  \\$a  VM
=035  \\$aASP764524/ant1
=245  00$aBitter Melons
=260  \\$aWatertown, MA$bDocumentary Educational Resources (DER)$c1971
=306  \\$a32 minutes
=490  0\$aEthnographic Video Online, Volume 1
=505  00$aRecorded in 1955
=520  3\$aThis film, shot in 1955, focuses on a small band of /Gwi San living in the arid landscape of the central Kalahari Desert in present-day Botswana. The hardships of their everyday survival are woven into the songs of a blind musician, Ukxone, who composes music on a hunting bow.
=546  \\$aIn English
=650  04$a!Kung
=650  \4$aEthnomusicology
=650  \4$aTribal and national groups
=650  \4$aHunting
=650  \4$aSongs
=650  \4$aAgriculture
=650  \4$aMusic
=650  \4$aForaging
=700  1\$aMarshall, John,$d1932-2005$4pro
=700  1\$aMarshall, John,$d1932-2005$4aut
=700  1\$aMarshall, Lorna J.$4aut
=700  1\$aMarshall, John,$d1932-2005$4drt
=700  1\$aUkxone$4oth
=700  1\$aMarshall, John,$d1932-2005$4nrt
=773  0\$dWatertown, MA : Documentary Educational Resources (DER), 1971
=856  40$uhttp://www.aspresolver.com/aspresolver.asp?ANTH;764524$yAlexander Street Press Ethnographic Video Online
=859  \\$aORR$bAlexander Street Press
=883  0\$aLanguage codes assigned by Bayesian analysis of words present in record$d20201028$qUk$c0.9010
=985  \\$aUpgraded by BSS-generated file for WR2011-1472
=CAT  \\$aWR13_071$b00$c20130610$lBLL01$h1613
=CAT  \\$aBATCH$b00$c20130610$lBLL01$h1613
=CAT  \\$a7416$b40$c20150203$lBLL01$h1147
=CAT  \\$aBATCH-UPD$b40$c20150203$lBLL01$h1147
=CAT  \\$aWR16_088$c20160606$lBLL01$h1632
=CAT  \\$aW1610-0368$c20161006$lBLL01$h0938
=CAT  \\$aW1606-1753$c20171028$lBLL01$h1351
=CAT  \\$aW2011-1472$b00$c20201127$lBLL01$h1833
=FIN  \\$aY$d20130610
=LAS  \\$aW2011-1472$b00$c20201127$lBLL01$h1833

