=LDR  02619 gm a2200565uu 4500
=001  016427780
=003  Uk
=005  20201127183323.0
=008  100813s1992\\\\xx\|||\|||||||||||mleng\d
=FMT  \\$a  VM
=035  \\$aASP1536783/ant1
=245  00$aBlack Harvest: Film Discussion
=260  \\$aNew York, NY$bFilmakers Library$c1992
=306  \\$a28 minutes
=490  0\$aEthnographic Video Online, Volume 1
=505  00$aThe third film of the renowned trilogy on Papua New Guinea joins First Contact and Joe Leahy's Neighbours in our collection. This film charts the progress of Joe in convincing the Ganiga tribespeople to join him in a coffee growing venture. He is to provide the money and the expertise; they are to supply the land and the labor. He stands to make 60%; the tribespeople 40%. Tribal wars and the drop in coffee prices on the world market conspire to defeat the venture. Always suspect because of his mixed-race status, Joe is in deep trouble with the tribespeople when his promises of riches fail to materialize. As he organizes to emigrate with his family to Australia, he is a saddened man with an uncertain future.
=546  \\$aIn English
=600  14$aLeahy, Joe.
=650  04$aGaniga
=650  \4$aBiracial people
=650  \4$aWar
=650  \4$aSocial conflict
=650  \4$aPlantations
=650  \4$aCoffee
=650  \4$aTribal and national groups
=650  \4$aCultural change and history
=650  \4$aFilmmaking
=700  1\$aAnderson, Robin.$4pro
=700  1\$aConnolly, Bob.$4pro
=700  1\$aAnderson, Robin.$4aut
=700  1\$aConnolly, Bob.$4aut
=700  1\$aAnderson, Robin.$4drt
=700  1\$aConnolly, Bob.$4drt
=700  1\$aAnderson, Robin.$4oth
=700  1\$aConnolly, Bob.$4oth
=773  0\$dNew York, NY : Filmakers Library, 1992
=856  40$uhttp://www.aspresolver.com/aspresolver.asp?ANTH;1536783$yAlexander Street Press Ethnographic Video Online
=859  \\$aORR$bAlexander Street Press
=883  0\$aLanguage codes assigned by Bayesian analysis of words present in record$d20201028$qUk$c0.9010
=985  \\$aUpgraded by BSS-generated file for WR2011-1472
=CAT  \\$aWR13_071$b00$c20130610$lBLL01$h1613
=CAT  \\$aBATCH$b00$c20130610$lBLL01$h1613
=CAT  \\$aBATCH-UPD$b00$c20130610$lBLL01$h1614
=CAT  \\$aWR16_088$c20160606$lBLL01$h1632
=CAT  \\$aBATCH-UPD$b00$c20160606$lBLL01$h1633
=CAT  \\$aW1610-0368$c20161006$lBLL01$h0938
=CAT  \\$aW1606-1753$c20171028$lBLL01$h1351
=CAT  \\$aW2011-1472$b00$c20201127$lBLL01$h1833
=FIN  \\$aY$d20130610
=LAS  \\$aW2011-1472$b00$c20201127$lBLL01$h1833

