=LDR  02028 gm a2200409uu 4500
=001  016427781
=003  Uk
=005  20201127183323.0
=008  100813s2006\\\\xx\|||\|||||||||||mleng\d
=FMT  \\$a  VM
=035  \\$aASP1870881/ant1
=245  00$aBlack Samurai
=260  \\$aParis, France$bZED$c2006
=306  \\$a52 minutes
=490  0\$aEthnographic Video Online, Volume 1
=505  00$aIn "Black Samurai", we're thrust into the lives of the Surma people, one of the fiercest tribes of southwestern Ethiopia, where war ravages the land.Recently, because of a terrible famine, the Surma land has been infiltrated by hundreds of their lifelong enemies, the Bumis. The King of Surma, watch over the confines of his territory to prevent attacks from the Bumis. He decides to call for a Donga, a dual with long sticks, which helps the clan to practice fighting for the upcoming battles.Wole Kiwo will go through the violent trial. He will then exchange his stick for a kalachnikov, and return to the combat zone to fight the Bumis.
=546  \\$aIn English
=650  04$aSurma
=650  \4$aFamine
=650  \4$aCultural identity
=650  \4$aTribal and national groups
=700  1\$aQueyrat, Jean$4drt
=700  1\$aKiwo, Wole$4oth
=700  1\$aDesta, Fikere Markos$4ctb
=773  0\$dParis, France : ZED, 2006
=856  40$uhttp://www.aspresolver.com/aspresolver.asp?ANTH;1870881$yAlexander Street Press Ethnographic Video Online
=859  \\$aORR$bAlexander Street Press
=883  0\$aLanguage codes assigned by Bayesian analysis of words present in record$d20201028$qUk$c0.9010
=985  \\$aUpgraded by BSS-generated file for WR2011-1472
=CAT  \\$aWR13_071$b00$c20130610$lBLL01$h1613
=CAT  \\$aBATCH$b00$c20130610$lBLL01$h1613
=CAT  \\$aWR16_088$c20160606$lBLL01$h1632
=CAT  \\$aW1610-0368$c20161006$lBLL01$h0938
=CAT  \\$aW1606-1753$c20171028$lBLL01$h1351
=CAT  \\$aW2011-1472$b00$c20201127$lBLL01$h1833
=FIN  \\$aY$d20130610
=LAS  \\$aW2011-1472$b00$c20201127$lBLL01$h1833

