=LDR  01524 gm a2200433uu 4500
=001  016427782
=003  Uk
=005  20201127183323.0
=008  100813s1988\\\\xx\|||\|||||||||||mleng\d
=FMT  \\$a  VM
=035  \\$aASP1659345/ant1
=245  00$aThe Black Tulip
=260  \\$aRussia, Afghanistan$bEthnoscope$c1988
=306  \\$a26 minutes
=490  0\$aEthnographic Video Online, Volume 1
=505  00$aIn English
=650  04$aRussian
=650  \4$aPatriotism
=650  \4$aGrief
=650  \4$aMilitary war casualties
=700  1\$aLane, Bruce.$4pro
=700  1\$aLane, Bruce.$4aut
=700  1\$aLane, Bruce.$4drt
=700  1\$aSteffa, Tim.$4nrt
=773  0\$dRussia, Afghanistan : Ethnoscope, 1988
=856  40$uhttp://www.aspresolver.com/aspresolver.asp?ANTH;1659345$yAlexander Street Press Ethnographic Video Online
=859  \\$aORR$bAlexander Street Press
=883  0\$aLanguage codes assigned by Bayesian analysis of words present in record$d20201028$qUk$c0.9010
=985  \\$aUpgraded by BSS-generated file for WR2011-1472
=CAT  \\$aWR13_071$b00$c20130610$lBLL01$h1613
=CAT  \\$aBATCH$b00$c20130610$lBLL01$h1613
=CAT  \\$aBATCH-UPD$b00$c20141221$lBLL01$h1553
=CAT  \\$aWR16_088$c20160606$lBLL01$h1632
=CAT  \\$aBATCH-UPD$b00$c20160606$lBLL01$h1633
=CAT  \\$aW1610-0368$c20161006$lBLL01$h0938
=CAT  \\$aW1606-1753$c20171028$lBLL01$h1351
=CAT  \\$aW2011-1472$b00$c20201127$lBLL01$h1833
=FIN  \\$aY$d20130610
=LAS  \\$aW2011-1472$b00$c20201127$lBLL01$h1833

