=LDR  01939 gm a2200445uu 4500
=001  016427783
=003  Uk
=005  20201127183323.0
=008  100813s1986\\\\xx\|||\|||||||||||mleng\d
=FMT  \\$a  VM
=035  \\$aASP765344/ant1
=245  00$aThe Blooms Of Banjeli: Technology and Gender in African Ironmaking
=260  \\$aWatertown, MA$bDocumentary Educational Resources (DER)$c1986
=306  \\$a29 minutes
=490  0\$aEthnographic Video Online, Volume 1
=505  00$aThe Blooms of Banjeli documents research in Banjeli, Togo on iron-smelting technology, its rituals, and the sexual prohibitions surrounding it. Including rare historical footage from the same village in 1914, it provides a unique technological record of the traditional method of preparing a furnace to smelt iron.
=546  \\$aIn English
=650  04$aBassari
=650  \4$aMetal-working
=650  \4$aIron and steel industry
=650  \4$aTribal and national groups
=650  \4$aCultural identity
=650  \4$aGender
=700  1\$aGaucher, Candice$4aut
=700  1\$aHerbert, Eugenia$4aut
=700  1\$aSaltman, Carlyn$4aut
=700  1\$aSaltman, Carlyn$4drt
=773  0\$dWatertown, MA : Documentary Educational Resources (DER), 1986
=856  40$uhttp://www.aspresolver.com/aspresolver.asp?ANTH;765344$yAlexander Street Press Ethnographic Video Online
=859  \\$aORR$bAlexander Street Press
=883  0\$aLanguage codes assigned by Bayesian analysis of words present in record$d20201028$qUk$c0.9010
=985  \\$aUpgraded by BSS-generated file for WR2011-1472
=CAT  \\$aWR13_071$b00$c20130610$lBLL01$h1613
=CAT  \\$aBATCH$b00$c20130610$lBLL01$h1613
=CAT  \\$aWR16_088$c20160606$lBLL01$h1632
=CAT  \\$aW1610-0368$c20161006$lBLL01$h0938
=CAT  \\$aW1606-1753$c20171028$lBLL01$h1351
=CAT  \\$aW2011-1472$b00$c20201127$lBLL01$h1833
=FIN  \\$aY$d20130610
=LAS  \\$aW2011-1472$b00$c20201127$lBLL01$h1833

