=LDR  02106 gm a2200481uu 4500
=001  016427784
=003  Uk
=005  20201127183323.0
=008  100813s1951\\\\xx\|||\|||||||||||mleng\d
=FMT  \\$a  VM
=035  \\$aASP764528/ant1
=245  00$aBlunden Harbour
=260  \\$aWatertown, MA$bDocumentary Educational Resources (DER)$c1951
=306  \\$a20 minutes
=490  0\$aEthnographic Video Online, Volume 1
=505  00$aRobert Gardner, then a graduate student of Anthropology at the University of Washington in Seattle, went to Blunden Harbour to research a major film project on the Kwakiutl about whom Ruth Benedict had written so eloquently. The larger work was never done and this small film remains one of the few authentic accounts of this once majestic people.
=546  \\$aIn English
=650  04$aKwakiutl (Kwakwaka'wakw)
=650  \4$aCultural identity
=650  \4$aObservation techniques for anthropology
=650  \4$aAnthropology
=650  \4$aAmerican Indian communities
=650  \4$aRevitalization and ethnogenesis
=700  1\$aGardner, Robert.$4pro
=700  1\$aHeick, William.$4pro
=700  1\$aGardner, Robert.$4aut
=700  1\$aGardner, Robert.$4drt
=700  1\$aHeick, William.$4drt
=700  1\$aSelig, Richard$4nrt
=773  0\$dWatertown, MA : Documentary Educational Resources (DER), 1951
=856  40$uhttp://www.aspresolver.com/aspresolver.asp?ANTH;764528$yAlexander Street Press Ethnographic Video Online
=859  \\$aORR$bAlexander Street Press
=883  0\$aLanguage codes assigned by Bayesian analysis of words present in record$d20201028$qUk$c0.9010
=985  \\$aUpgraded by BSS-generated file for WR2011-1472
=CAT  \\$aWR13_071$b00$c20130610$lBLL01$h1613
=CAT  \\$aBATCH$b00$c20130610$lBLL01$h1613
=CAT  \\$aWR16_088$c20160606$lBLL01$h1632
=CAT  \\$aBATCH-UPD$b00$c20160606$lBLL01$h1633
=CAT  \\$aW1610-0368$c20161006$lBLL01$h0938
=CAT  \\$aW1606-1753$c20171028$lBLL01$h1351
=CAT  \\$aW2011-1472$b00$c20201127$lBLL01$h1833
=FIN  \\$aY$d20130610
=LAS  \\$aW2011-1472$b00$c20201127$lBLL01$h1833

