=LDR  02024 gm a2200505uu 4500
=001  016427789
=003  Uk
=005  20201127183323.0
=008  100813s1974\\\\xx\|||\|||||||||||mleng\d
=FMT  \\$a  VM
=035  \\$aASP765352/ant1
=245  00$aBolivia: The Children Know
=260  \\$aWatertown, MA$bDocumentary Educational Resources (DER)$c1974
=306  \\$a33 minutes
=490  0\$aEthnographic Video Online, Volume 1
=505  00$aThe deep division in Andean society between rural and townspeople begins at birth, is perpetuated by the schools and continues throughout life. The film evidences the discrimination faced by the children of the rural and extremely poor campesinos.
=546  \\$aIn Aymara, Subtitles in English
=650  04$aAndean
=650  04$aAymara
=650  \4$aSocial classes
=650  \4$aCultural identity
=650  \4$aIn-group conflicts
=650  \4$aAgriculture
=650  \4$aSocial activists
=650  \4$aRural population
=700  1\$aMiller, Norman.$4pro
=700  1\$aReichline, Neil.$4aut
=700  1\$aSmith, Hubert.$4aut
=700  1\$aReichline, Neil.$4drt
=700  1\$aSmith, Hubert.$4drt
=700  1\$aSillerico, Hugo$4oth
=773  0\$dWatertown, MA : Documentary Educational Resources (DER), 1974
=856  40$uhttp://www.aspresolver.com/aspresolver.asp?ANTH;765352$yAlexander Street Press Ethnographic Video Online
=859  \\$aORR$bAlexander Street Press
=883  0\$aLanguage codes assigned by Bayesian analysis of words present in record$d20201028$qUk$c0.9010
=985  \\$aUpgraded by BSS-generated file for WR2011-1472
=CAT  \\$aWR13_071$b00$c20130610$lBLL01$h1613
=CAT  \\$aBATCH$b00$c20130610$lBLL01$h1613
=CAT  \\$aWR16_088$c20160606$lBLL01$h1632
=CAT  \\$aBATCH-UPD$b00$c20160606$lBLL01$h1633
=CAT  \\$aW1610-0368$c20161006$lBLL01$h0938
=CAT  \\$aW1606-1753$c20171028$lBLL01$h1351
=CAT  \\$aW2011-1472$b00$c20201127$lBLL01$h1833
=FIN  \\$aY$d20130610
=LAS  \\$aW2011-1472$b00$c20201127$lBLL01$h1833

