=LDR  02197 gm a2200529uu 4500
=001  016427790
=003  Uk
=005  20201127183323.0
=008  100813s1974\\\\xx\|||\|||||||||||mleng\d
=FMT  \\$a  VM
=035  \\$aASP765558/ant1
=245  00$aBolivia: Viracocha
=260  \\$aWatertown, MA$bDocumentary Educational Resources (DER)$c1974
=306  \\$a30 minutes
=490  0\$aEthnographic Video Online, Volume 1
=505  00$aViracocha features mestizos and campesinos in the Andean highlands interacting within a near-subsistance economic system. Market days and fiestas provide opportunities for Spanish-speaking mestizos, alternately benign and abusive, to assert their traditional social dominance over the Aymara and Quechua campesinos.
=546  \\$aIn Spanish, Aymara, Subtitles in English
=650  04$aQuechua
=650  04$aAymara
=650  \4$aReligious rites and ceremonies
=650  \4$aAgriculture
=650  \4$aRural population
=650  \4$aCultural change and history
=650  \4$aSocial classes
=650  \4$aInterethnic relations
=650  \4$aCultural identity
=650  \4$aTribal and national groups
=700  1\$aMiller, Norman.$4pro
=700  1\$aReichline, Neil.$4aut
=700  1\$aSmith, Hubert.$4aut
=700  1\$aReichline, Neil.$4drt
=700  1\$aSmith, Hubert.$4drt
=700  1\$aSmith, Hubert.$4oth
=773  0\$dWatertown, MA : Documentary Educational Resources (DER), 1974
=856  40$uhttp://www.aspresolver.com/aspresolver.asp?ANTH;765558$yAlexander Street Press Ethnographic Video Online
=859  \\$aORR$bAlexander Street Press
=883  0\$aLanguage codes assigned by Bayesian analysis of words present in record$d20201028$qUk$c0.9010
=985  \\$aUpgraded by BSS-generated file for WR2011-1472
=CAT  \\$aWR13_071$b00$c20130610$lBLL01$h1613
=CAT  \\$aBATCH$b00$c20130610$lBLL01$h1613
=CAT  \\$aWR16_088$c20160606$lBLL01$h1632
=CAT  \\$aBATCH-UPD$b00$c20160606$lBLL01$h1633
=CAT  \\$aW1610-0368$c20161006$lBLL01$h0938
=CAT  \\$aW1606-1753$c20171028$lBLL01$h1351
=CAT  \\$aW2011-1472$b00$c20201127$lBLL01$h1833
=FIN  \\$aY$d20130610
=LAS  \\$aW2011-1472$b00$c20201127$lBLL01$h1833

