=LDR  01726 gm a2200493uu 4500
=001  016427791
=003  Uk
=005  20201127183323.0
=008  100813s1995\\\\xx\|||\|||||||||||mleng\d
=FMT  \\$a  VM
=035  \\$aASP1646958/ant1
=245  00$aBones of Contention
=260  \\$aLondon, England$bBritish Broadcasting Corporation (BBC)$c1995
=306  \\$a48 minutes
=490  0\$aEthnographic Video Online, Volume 1
=505  00$aIn English
=650  04$aAmerican Indian
=650  04$aLakota
=650  04$aOmaha
=650  \4$aArchaeological sites
=650  \4$aHuman body
=650  \4$aArchaeology
=650  \4$aScientific research
=650  \4$aPhysical differences
=650  \4$aGenetics
=700  1\$aPeck, Danielle.$4pro
=700  1\$aSeaborne, Alex.$4pro
=700  1\$aPeck, Danielle.$4aut
=700  1\$aSeaborne, Alex.$4aut
=700  1\$aKestelman, Sara$4nrt
=773  0\$dLondon, England : British Broadcasting Corporation (BBC), 1995
=856  40$uhttp://www.aspresolver.com/aspresolver.asp?ANTH;1646958$yAlexander Street Press Ethnographic Video Online
=859  \\$aORR$bAlexander Street Press
=883  0\$aLanguage codes assigned by Bayesian analysis of words present in record$d20201028$qUk$c0.9010
=985  \\$aUpgraded by BSS-generated file for WR2011-1472
=CAT  \\$aWR13_071$b00$c20130610$lBLL01$h1613
=CAT  \\$aBATCH$b00$c20130610$lBLL01$h1613
=CAT  \\$aWR16_088$c20160606$lBLL01$h1632
=CAT  \\$aBATCH-UPD$b00$c20160606$lBLL01$h1633
=CAT  \\$aW1610-0368$c20161006$lBLL01$h0938
=CAT  \\$aW1606-1753$c20171028$lBLL01$h1351
=CAT  \\$aW2011-1472$b00$c20201127$lBLL01$h1833
=FIN  \\$aY$d20130610
=LAS  \\$aW2011-1472$b00$c20201127$lBLL01$h1833

