=LDR  02199 gm a2200481uu 4500
=001  016427794
=003  Uk
=005  20201127183323.0
=008  100813s1974\\\\xx\|||\|||||||||||mleng\d
=FMT  \\$a  VM
=035  \\$aASP764532/ant1
=245  00$aBoran Women
=260  \\$aWatertown, MA$bDocumentary Educational Resources (DER)$c1974
=306  \\$a18 minutes
=490  0\$aEthnographic Video Online, Volume 1
=490  0\$aKenya, Faces of Change
=505  00$aTraditionally confined to the roles of life-givers, nurturers and homemakers, Boran women of Kenya are slowly realizing the importance of education and the difference it can make in their lives. They attach great importance to the traditional role of women in a herding society and perform dawn to dusk tasks with little deviation from customary ways. Remarkable though is the obvious independence they demonstrate in performing tasks which normally would fall under the male domain, like building their own houses.
=546  \\$aIn English
=650  04$aBorana
=650  \4$aDivision of labor
=650  \4$aCultural participation
=650  \4$aAgriculture
=650  \4$aFeminism
=650  \4$aCultural change and history
=650  \4$aWomen
=700  1\$aMiller, Norman.$4pro
=700  1\$aMacDougall, David.$4aut
=700  1\$aBlue, James.$4drt
=700  1\$aMacDougall, David.$4drt
=773  0\$dWatertown, MA : Documentary Educational Resources (DER), 1974
=856  40$uhttp://www.aspresolver.com/aspresolver.asp?ANTH;764532$yAlexander Street Press Ethnographic Video Online
=859  \\$aORR$bAlexander Street Press
=883  0\$aLanguage codes assigned by Bayesian analysis of words present in record$d20201028$qUk$c0.9010
=985  \\$aUpgraded by BSS-generated file for WR2011-1472
=CAT  \\$aWR13_071$b00$c20130610$lBLL01$h1613
=CAT  \\$aBATCH$b00$c20130610$lBLL01$h1613
=CAT  \\$aWR16_088$c20160606$lBLL01$h1632
=CAT  \\$aBATCH-UPD$b00$c20160606$lBLL01$h1633
=CAT  \\$aW1610-0368$c20161006$lBLL01$h0938
=CAT  \\$aW1606-1753$c20171028$lBLL01$h1351
=CAT  \\$aW2011-1472$b00$c20201127$lBLL01$h1833
=FIN  \\$aY$d20130610
=LAS  \\$aW2011-1472$b00$c20201127$lBLL01$h1833

