=LDR  02065 gm a2200565uu 4500
=001  016427795
=003  Uk
=005  20201127183323.0
=008  100813s2004\\\\xx\|||\|||||||||||mleng\d
=FMT  \\$a  VM
=035  \\$aASP764534/ant1
=245  00$aBorn Into Struggle
=260  \\$aWatertown, MA$bDocumentary Educational Resources (DER)$c2004
=306  \\$a52 minutes
=490  0\$aEthnographic Video Online, Volume 1
=505  00$aFilmmaker Rehad Desai takes us on an intimate journey mapped out by the scars etched into his family's life from having a father who was intensely involved in politics.
=546  \\$aIn English
=650  04$aBritish
=650  04$aSouth African
=650  \4$aPolitical causes
=650  \4$aParent-child relations
=650  \4$aRacism
=650  \4$aExile
=650  \4$aCivil rights
=650  \4$aFathers
=700  1\$aDesai, Rehad.$4pro
=700  1\$aPeterson, Bhekizizwe.$4pro
=700  1\$aDesai, Rehad.$4aut
=700  1\$aKhanna, Anita.$4aut
=700  1\$aDesai, Rehad.$4drt
=700  1\$aDesai, Barney$4oth
=700  1\$aDesai, Che$4oth
=700  1\$aDesai, Ravi$4oth
=700  1\$aDesai, Rehad.$4oth
=700  1\$aDesai, Rose$4oth
=700  1\$aKeiper, Zivia$4oth
=773  0\$dWatertown, MA : Documentary Educational Resources (DER), 2004
=856  40$uhttp://www.aspresolver.com/aspresolver.asp?ANTH;764534$yAlexander Street Press Ethnographic Video Online
=859  \\$aORR$bAlexander Street Press
=883  0\$aLanguage codes assigned by Bayesian analysis of words present in record$d20201028$qUk$c0.9010
=985  \\$aUpgraded by BSS-generated file for WR2011-1472
=CAT  \\$aWR13_071$b00$c20130610$lBLL01$h1613
=CAT  \\$aBATCH$b00$c20130610$lBLL01$h1613
=CAT  \\$aWR16_088$c20160606$lBLL01$h1632
=CAT  \\$aBATCH-UPD$b00$c20160606$lBLL01$h1633
=CAT  \\$aW1610-0368$c20161006$lBLL01$h0938
=CAT  \\$aW1606-1753$c20171028$lBLL01$h1351
=CAT  \\$aW2011-1472$b00$c20201127$lBLL01$h1833
=FIN  \\$aY$d20130610
=LAS  \\$aW2011-1472$b00$c20201127$lBLL01$h1833

