=LDR  03196 gm a2200433uu 4500
=001  016427796
=003  Uk
=005  20201127183323.0
=008  100813s9999\\\\xx\|||\|||||||||||mleng\d
=FMT  \\$a  VM
=035  \\$aASP1689324/ant1
=245  00$aBosnia Hotel
=260  \\$aNew York, NY$bFilmakers Library
=306  \\$a48 minutes
=490  0\$aEthnographic Video Online, Volume 1
=505  00$aThe United Nations peace keeping force in Bosnia included soldiers from nations and cultures that did not know where Bosnia was, or what the conflict was about. Among them was a force from Kenya which included several Samburu warriors. Bosnia Hotel films these warriors after their return to their ancestral land. It shows their present life as cattle herders on the African plain. They tell of their experience in the "white man's war."In many ways, their confusion about what was going on between the Serbs, Bosnians and Croats was not very different from many in the Western world who had full access to news reports. Why were neighbors killing one another, and why were women and children being killed? By "turning the tables", the indigenous people get to speak of their impression of the white man's civilization... a place where people blow one another up with explosives without "even seeing their faces." If all the people were white, they ask why did they have such differences that could only be resolved in devastation. The film juxtaposes Samburu practices that are looked upon askance by "civilized" people -- animal sacrifice, the ritual drinking of blood from the freshly slaughtered animal, and circumcision of adolescent males-- with the warrior's observations of the white man's world in which, though there was much progress, neighbor killed neighbor and many large houses were shattered. The warriors earned money and now have material aspirations, but they still maintain their traditions. Theirs is a society with strong communal ties and deep faith. In the end, one warrior says of Bosnia, "it's a country much different than ours, but no better or worse." One wonders.
=650  04$aSamburu
=650  \4$aTraditional history
=650  \4$aCapitalism
=650  \4$aCivil wars
=650  \4$aWar
=700  1\$aWinocour, Patrick.$4pro
=700  1\$aWinocour, Patrick.$4aut
=700  1\$aBalmès, Thomas.$4drt
=773  0\$dNew York, NY : Filmakers Library
=856  40$uhttp://www.aspresolver.com/aspresolver.asp?ANTH;1689324$yAlexander Street Press Ethnographic Video Online
=859  \\$aORR$bAlexander Street Press
=883  0\$aLanguage codes assigned by Bayesian analysis of words present in record$d20201028$qUk$c0.9010
=985  \\$aUpgraded by BSS-generated file for WR2011-1472
=CAT  \\$aWR13_071$b00$c20130610$lBLL01$h1613
=CAT  \\$aBATCH$b00$c20130610$lBLL01$h1613
=CAT  \\$aBATCH-UPD$b00$c20160303$lBLL01$h1319
=CAT  \\$aWR16_088$c20160606$lBLL01$h1632
=CAT  \\$aW1610-0368$c20161006$lBLL01$h0938
=CAT  \\$aW1606-1753$c20171028$lBLL01$h1351
=CAT  \\$aBATCH-UPD$b00$c20181230$lBLL01$h2032
=CAT  \\$aW2011-1472$b00$c20201127$lBLL01$h1833
=FIN  \\$aY$d20130610
=LAS  \\$aW2011-1472$b00$c20201127$lBLL01$h1833

