=LDR  02435 gm a2200469uu 4500
=001  016427797
=003  Uk
=005  20201127183323.0
=008  100813s1983\\\\xx\|||\|||||||||||mleng\d
=FMT  \\$a  VM
=035  \\$aASP764536/ant1
=245  00$aBox of Treasures
=260  \\$aWatertown, MA$bDocumentary Educational Resources (DER)$c1983
=306  \\$a28 minutes
=490  0\$aEthnographic Video Online, Volume 1
=505  00$aIn the late 19th century, the Canadian government removed ritual objects from the possession of the Kwakiut'l, a Native American community on the Northwest Coast. The 'potlatch', as it was called, was their way of celebrating their culture, their identity and their heritage. A ritual passing down of treasures, it symbolized a rebirth of tradition, a positive affirmation of their identity, past and present. In 1921 the Kwakiut'l people of Alert Bay, British Columbia, held their last secret potlatch. In 1980 at Alert Bay, the U'mista Cultural Centre (U'mista means "something of great value that has come back") opened its doors to receive and house the cultural treasures which were seized decades earlier and only then returned to the people.
=546  \\$aIn English
=650  04$aKwakiutl (Kwakwaka'wakw)
=650  \4$aCultural change and history
=650  \4$aAmerican Indian communities
=650  \4$aArchaeological artifacts
=650  \4$aCultural identity
=650  \4$aMuseums
=650  \4$aTraditional history
=700  1\$aOlin, Chuck.$4pro
=700  1\$aOlin, Chuck.$4aut
=700  1\$aOlin, Chuck.$4drt
=700  1\$aWebster, Gloria$4oth
=773  0\$dWatertown, MA : Documentary Educational Resources (DER), 1983
=856  40$uhttp://www.aspresolver.com/aspresolver.asp?ANTH;764536$yAlexander Street Press Ethnographic Video Online
=859  \\$aORR$bAlexander Street Press
=883  0\$aLanguage codes assigned by Bayesian analysis of words present in record$d20201028$qUk$c0.9010
=985  \\$aUpgraded by BSS-generated file for WR2011-1472
=CAT  \\$aWR13_071$b00$c20130610$lBLL01$h1613
=CAT  \\$aBATCH$b00$c20130610$lBLL01$h1613
=CAT  \\$aWR16_088$c20160606$lBLL01$h1632
=CAT  \\$aBATCH-UPD$b00$c20160606$lBLL01$h1633
=CAT  \\$aW1610-0368$c20161006$lBLL01$h0938
=CAT  \\$aW1606-1753$c20171028$lBLL01$h1351
=CAT  \\$aW2011-1472$b00$c20201127$lBLL01$h1833
=FIN  \\$aY$d20130610
=LAS  \\$aW2011-1472$b00$c20201127$lBLL01$h1833

