=LDR  01541 gm a2200421uu 4500
=001  016427800
=003  Uk
=005  20201127183323.0
=008  100813s1990\\\\xx\|||\|||||||||||mleng\d
=FMT  \\$a  VM
=035  \\$aASP1647061/ant1
=245  00$aThe Brazilian Trilogy, Part Two: After the Goldrush
=260  \\$aLondon, England$bBritish Broadcasting Corporation (BBC)$c1990
=306  \\$a50 minutes
=490  0\$aEthnographic Video Online, Volume 1
=505  00$aIn Portuguese, Subtitles in English
=650  04$aBrazilian
=650  \4$aMalaria
=650  \4$aMiners
=650  \4$aProstitution
=650  \4$aEconomic conditions
=650  \4$aGold
=650  \4$aGold mining
=700  1\$aWalker, Philippa$4pro
=700  1\$aWalker, Philippa$4aut
=773  0\$dLondon, England : British Broadcasting Corporation (BBC), 1990
=856  40$uhttp://www.aspresolver.com/aspresolver.asp?ANTH;1647061$yAlexander Street Press Ethnographic Video Online
=859  \\$aORR$bAlexander Street Press
=883  0\$aLanguage codes assigned by Bayesian analysis of words present in record$d20201028$qUk$c0.9010
=985  \\$aUpgraded by BSS-generated file for WR2011-1472
=CAT  \\$aWR13_071$b00$c20130610$lBLL01$h1613
=CAT  \\$aBATCH$b00$c20130610$lBLL01$h1613
=CAT  \\$aWR16_088$c20160606$lBLL01$h1632
=CAT  \\$aW1610-0368$c20161006$lBLL01$h0938
=CAT  \\$aW1606-1753$c20171028$lBLL01$h1351
=CAT  \\$aW2011-1472$b00$c20201127$lBLL01$h1833
=FIN  \\$aY$d20130610
=LAS  \\$aW2011-1472$b00$c20201127$lBLL01$h1833

