=LDR  02126 gm a2200433uu 4500
=001  016427801
=003  Uk
=005  20201127183323.0
=008  100813s9999\\\\xx\|||\|||||||||||mleng\d
=FMT  \\$a  VM
=035  \\$aASP1689326/ant1
=245  00$aBreaking Leaves
=260  \\$aNew York, NY$bFilmakers Library
=306  \\$a30 minutes
=490  0\$aEthnographic Video Online, Volume 1
=505  00$aIn the Haitian countryside, where people have little access to doctors, hospitals, or conventional medicine, peasants have learned to use local leaves, herbs, and therapeutic massage as a way of curing simple ailments. This video follows several men and women as they take us into the bush to look for leaves that they need for healing. We then follow then home where they explain and demonstrate their way of preparing the poultice or infusion. Narrated by the people themselves -and with beautiful songs about the importance of leaves woven throughout - this poetic film gives unique insight into the culture.
=546  \\$aIn Haitian French Creole, Subtitles in English
=650  04$aHaitian
=650  \4$aCrops
=650  \4$aHealth
=650  \4$aCultural identity
=650  \4$aAlternative medicine
=700  1\$aKramer, Karen.$4pro
=700  1\$aKramer, Karen.$4aut
=700  1\$aKramer, Karen.$4drt
=773  0\$dNew York, NY : Filmakers Library
=856  40$uhttp://www.aspresolver.com/aspresolver.asp?ANTH;1689326$yAlexander Street Press Ethnographic Video Online
=859  \\$aORR$bAlexander Street Press
=883  0\$aLanguage codes assigned by Bayesian analysis of words present in record$d20201028$qUk$c0.9010
=985  \\$aUpgraded by BSS-generated file for WR2011-1472
=CAT  \\$aWR13_071$b00$c20130610$lBLL01$h1613
=CAT  \\$aBATCH$b00$c20130610$lBLL01$h1613
=CAT  \\$aBATCH-UPD$b00$c20160302$lBLL01$h2026
=CAT  \\$aWR16_088$c20160606$lBLL01$h1632
=CAT  \\$aW1610-0368$c20161006$lBLL01$h0938
=CAT  \\$aW1606-1753$c20171028$lBLL01$h1351
=CAT  \\$aW2011-1472$b00$c20201127$lBLL01$h1833
=FIN  \\$aY$d20130610
=LAS  \\$aW2011-1472$b00$c20201127$lBLL01$h1833

