=LDR  01892 gm a2200469uu 4500
=001  016427802
=003  Uk
=005  20201127183323.0
=008  100813s1975\\\\xx\|||\|||||||||||mleng\d
=FMT  \\$a  VM
=035  \\$aASP764538/ant1
=245  00$aBride Service
=260  \\$aWatertown, MA$bDocumentary Educational Resources (DER)$c1975
=306  \\$a8 minutes
=490  0\$aEthnographic Video Online, Volume 1
=505  00$aIn this vignette from daily life, Dedeheiwa's son returns from hunting and brings a wild turkey and a basket of fruit for his father-in-law. He dumps the goods on the ground, since avoidance rules prohibit him from delivering them directly.
=546  \\$aIn Yanomamö, Subtitles in English
=650  04$aYanomamö
=650  \4$aWives
=650  \4$aWomen
=650  \4$aDomestic chores
=650  \4$aSocietal structure
=650  \4$aMarriage
=650  \4$aDivision of labor
=700  1\$aAsch, Timothy.$4aut
=700  1\$aChagnon, Napoleon$4aut
=700  1\$aAsch, Timothy.$4drt
=700  1\$aChagnon, Napoleon$4drt
=773  0\$dWatertown, MA : Documentary Educational Resources (DER), 1975
=856  40$uhttp://www.aspresolver.com/aspresolver.asp?ANTH;764538$yAlexander Street Press Ethnographic Video Online
=859  \\$aORR$bAlexander Street Press
=883  0\$aLanguage codes assigned by Bayesian analysis of words present in record$d20201028$qUk$c0.9010
=985  \\$aUpgraded by BSS-generated file for WR2011-1472
=CAT  \\$aWR13_071$b00$c20130610$lBLL01$h1613
=CAT  \\$aBATCH$b00$c20130610$lBLL01$h1613
=CAT  \\$aWR16_088$c20160606$lBLL01$h1632
=CAT  \\$aBATCH-UPD$b00$c20160606$lBLL01$h1633
=CAT  \\$aW1610-0368$c20161006$lBLL01$h0938
=CAT  \\$aW1606-1753$c20171028$lBLL01$h1351
=CAT  \\$aW2011-1472$b00$c20201127$lBLL01$h1833
=FIN  \\$aY$d20130610
=LAS  \\$aW2011-1472$b00$c20201127$lBLL01$h1833

