=LDR  02220 gm a2200469uu 4500
=001  016427803
=003  Uk
=005  20201127183323.0
=008  100813s2000\\\\xx\|||\|||||||||||mleng\d
=FMT  \\$a  VM
=035  \\$aASP764540/ant1
=245  00$aBridewealth for A Goddess
=260  \\$aWatertown, MA$bDocumentary Educational Resources (DER)$c2000
=306  \\$a72 minutes
=490  0\$aEthnographic Video Online, Volume 1
=505  00$aThe film documents the last performance of the ritual for the fertility goddess Amb Kor, in the Western Highlands Province of Papua New Guinea. Shot over a period of approximately 15 years, the anthropologists and filmmakers have been participant-observers during a time of pivotal change for the clans of the Kavelka tribal group. The film is narrated by the headman, Ru, who speaks directly to us about the clans recent problems, infant mortality, and decision to return to previously abandoned tribal territories.
=546  \\$aIn English, Subtitles in English
=650  04$aKawelka
=650  \4$aReligious beliefs
=650  \4$aChildbirth
=650  \4$aGender roles
=650  \4$aCultural change and history
=650  \4$aReligious rites and ceremonies
=700  1\$aOwen, Chris.$4pro
=700  1\$aStrathern, Andrew J.$4aut
=700  1\$aOwen, Chris.$4drt
=700  1\$aKundil, Ru$4oth
=700  1\$aStrathern, Andrew J.$4oth
=773  0\$dWatertown, MA : Documentary Educational Resources (DER), 2000
=856  40$uhttp://www.aspresolver.com/aspresolver.asp?ANTH;764540$yAlexander Street Press Ethnographic Video Online
=859  \\$aORR$bAlexander Street Press
=883  0\$aLanguage codes assigned by Bayesian analysis of words present in record$d20201028$qUk$c0.9010
=985  \\$aUpgraded by BSS-generated file for WR2011-1472
=CAT  \\$aWR13_071$b00$c20130610$lBLL01$h1613
=CAT  \\$aBATCH$b00$c20130610$lBLL01$h1613
=CAT  \\$aWR16_088$c20160606$lBLL01$h1632
=CAT  \\$aBATCH-UPD$b00$c20160606$lBLL01$h1633
=CAT  \\$aW1610-0368$c20161006$lBLL01$h0938
=CAT  \\$aW1606-1753$c20171028$lBLL01$h1351
=CAT  \\$aW2011-1472$b00$c20201127$lBLL01$h1833
=FIN  \\$aY$d20130610
=LAS  \\$aW2011-1472$b00$c20201127$lBLL01$h1833

