=LDR  01866 gm a2200481uu 4500
=001  016427805
=003  Uk
=005  20201127183323.0
=008  100813s2000\\\\xx\|||\|||||||||||mleng\d
=FMT  \\$a  VM
=035  \\$aASP765346/ant1
=245  00$aThe Brigade
=260  \\$aWatertown, MA$bDocumentary Educational Resources (DER)$c2000
=306  \\$a57 minutes
=490  0\$aEthnographic Video Online, Volume 1
=505  00$aThis documentary was filmed during three months on the Yamal Peninsula in West Siberia, where the Nenets have been herding reindeer for about a thousand years.
=546  \\$aIn English, Subtitles in English
=650  04$aNenets
=650  \4$aCultural identity
=650  \4$aCaribou
=650  \4$aHerders
=650  \4$aTribal and national groups
=700  1\$aNiglas, Liivo.$4pro
=700  1\$aSokmann, Reet.$4pro
=700  1\$aNiglas, Liivo.$4aut
=700  1\$aNiglas, Liivo.$4drt
=700  1\$aOkotetto, Hauly$4oth
=700  1\$aSalinder, Vladimir$4oth
=700  1\$aVanuito, Dmitri$4oth
=773  0\$dWatertown, MA : Documentary Educational Resources (DER), 2000
=856  40$uhttp://www.aspresolver.com/aspresolver.asp?ANTH;765346$yAlexander Street Press Ethnographic Video Online
=859  \\$aORR$bAlexander Street Press
=883  0\$aLanguage codes assigned by Bayesian analysis of words present in record$d20201028$qUk$c0.9010
=985  \\$aUpgraded by BSS-generated file for WR2011-1472
=CAT  \\$aWR13_071$b00$c20130610$lBLL01$h1613
=CAT  \\$aBATCH$b00$c20130610$lBLL01$h1613
=CAT  \\$aWR16_088$c20160606$lBLL01$h1632
=CAT  \\$aBATCH-UPD$b00$c20160606$lBLL01$h1633
=CAT  \\$aW1610-0368$c20161006$lBLL01$h0938
=CAT  \\$aW1606-1753$c20171028$lBLL01$h1351
=CAT  \\$aW2011-1472$b00$c20201127$lBLL01$h1833
=FIN  \\$aY$d20130610
=LAS  \\$aW2011-1472$b00$c20201127$lBLL01$h1833

