=LDR  02856 gm a2200469uu 4500
=001  016427807
=003  Uk
=005  20201127183323.0
=008  100813s1978\\\\xx\|||\|||||||||||mleng\d
=FMT  \\$a  VM
=035  \\$aASP1869285/ant1
=245  00$aBrujo (Shaman)
=260  \\$aWatertown, MA$bDocumentary Educational Resources (DER)$c1978
=306  \\$a55 minutes
=490  0\$aEthnographic Video Online, Volume 1
=505  00$aBrujo is an exploration of shamanism and curing among the Mazatec Indians of Oaxaca, Mexico, and among two groups of Maya Indians in southern Mexico and Guatemala. The film is divided into three sequences. The first, filmed in Chichicastenango (Guatemala), shows Diego, a shaman, cure a woman on whom a spell has been cast. The cure takes place partly in a church and partly in the mountains, where a sacrificed chicken is used to bring back the ailing woman's spirit.The second sequence moves to Oaxaca, where a Mazatec shaman, her husband, and her patient consume hallucinogenic mushrooms. The cure, which takes place in darkness, involves a simple song (the mushroom's "voice") and dance, flowers, and the rubbing of tobacco on both the patient and the shaman's husband.The final sequence takes place in the Chiapas highlands of Mexico, site of the festival and film Tajimoltik. The filmmakers encounter shaman Miguel, who brings them to his family home in a mountain hamlet beyond Chenalho. There he undertakes to cure filmmaker Claudine Viallon of a migraine, using candles, eggs, and incense. Miguel also discusses conceptions of the soul, death, and transmigration.
=546  \\$aIn English
=650  04$aMaya
=650  \4$aTribal and national groups
=650  \4$aSpiritual guidance
=650  \4$aSpiritual leaders
=650  \4$aWorship
=700  1\$aPayrastre, Georges.$4pro
=700  1\$aViallon, Claudine.$4pro
=700  1\$aPayrastre, Georges.$4aut
=700  1\$aViallon, Claudine.$4aut
=700  1\$aPayrastre, Georges.$4drt
=700  1\$aViallon, Claudine.$4drt
=773  0\$dWatertown, MA : Documentary Educational Resources (DER), 1978
=856  40$uhttp://www.aspresolver.com/aspresolver.asp?ANTH;1869285$yAlexander Street Press Ethnographic Video Online
=859  \\$aORR$bAlexander Street Press
=883  0\$aLanguage codes assigned by Bayesian analysis of words present in record$d20201028$qUk$c0.9010
=985  \\$aUpgraded by BSS-generated file for WR2011-1472
=CAT  \\$aWR13_071$b00$c20130610$lBLL01$h1613
=CAT  \\$aBATCH$b00$c20130610$lBLL01$h1613
=CAT  \\$aWR16_088$c20160606$lBLL01$h1632
=CAT  \\$aBATCH-UPD$b00$c20160606$lBLL01$h1633
=CAT  \\$aW1610-0368$c20161006$lBLL01$h0938
=CAT  \\$aW1606-1753$c20171028$lBLL01$h1351
=CAT  \\$aW2011-1472$b00$c20201127$lBLL01$h1833
=FIN  \\$aY$d20130610
=LAS  \\$aW2011-1472$b00$c20201127$lBLL01$h1833

