=LDR  02920 gm a2200661uu 4500
=001  016427808
=003  Uk
=005  20201127183323.0
=008  100813s2003\\\\xx\|||\|||||||||||mleng\d
=FMT  \\$a  VM
=035  \\$aASP1647287/ant1
=245  00$aBuckdancer
=260  \\$aWatertown, MA$bDocumentary Educational Resources (DER)$c2003
=306  \\$a5 minutes
=490  0\$aEthnographic Video Online, Volume 1
=505  00$aThe films were made in the Anthropology Department of San Fernando Valley State College (now California State University at Northridge). Edmund Carpenter founded the department with the intention of moving anthropology beyond the book. He felt that the realities and insights of anthropology were often better represented in the arts than in scholarly texts and between 1957 and 1967 he led a flourishing and experimental department. In addition to cultural anthropologists, physical anthropologists and linguists, his faculty included folklorist Bess Lomax Hawes along with artists, musicians, animators and filmmakers.
=546  \\$aIn English
=650  04$aBlack
=650  \4$aMusical instruments
=650  \4$aField work for anthropology
=650  \4$aSocial dances
=650  \4$aChildren's play
=650  \4$aSinging
=650  \4$aFlutes
=650  \4$aFolk music
=650  \4$aMusic origins
=700  1\$aHawes, Bess Lomax,$d1921-2009$4pro
=700  1\$aRahm, Barbara Alyce LaPan$4pro
=700  1\$aEberlein, Robert.$4aut
=700  1\$aHawes, Bess Lomax,$d1921-2009$4aut
=700  1\$aEberlein, Robert.$4drt
=700  1\$aHawes, Bess Lomax,$d1921-2009$4drt
=700  1\$aCollins, Earl$4oth
=700  1\$aCollins, Richard.$4oth
=700  1\$aDavis, John.$4oth
=700  1\$aHillary, Mabel$4oth
=700  1\$aJones, Bessie.$4oth
=700  1\$aMorrison, Henry.$4oth
=700  1\$aRamsay, Emma.$4oth
=700  1\$aYoung, Ed.$4oth
=700  1\$aFreed, Donald.$4nrt
=773  0\$dWatertown, MA : Documentary Educational Resources (DER), 2003
=856  40$uhttp://www.aspresolver.com/aspresolver.asp?ANTH;1647287$yAlexander Street Press Ethnographic Video Online
=859  \\$aORR$bAlexander Street Press
=883  0\$aLanguage codes assigned by Bayesian analysis of words present in record$d20201028$qUk$c0.9010
=985  \\$aUpgraded by BSS-generated file for WR2011-1472
=CAT  \\$aWR13_071$b00$c20130610$lBLL01$h1613
=CAT  \\$aBATCH$b00$c20130610$lBLL01$h1613
=CAT  \\$aBATCH-UPD$b00$c20140928$lBLL01$h2045
=CAT  \\$aBATCH-UPD$b00$c20150418$lBLL01$h1730
=CAT  \\$a5194$b40$c20160513$lBLL01$h1410
=CAT  \\$aBATCH-UPD$b40$c20160513$lBLL01$h1410
=CAT  \\$aWR16_088$c20160606$lBLL01$h1632
=CAT  \\$aW1610-0368$c20161006$lBLL01$h0938
=CAT  \\$aW1606-1753$c20171028$lBLL01$h1351
=CAT  \\$aW2011-1472$b00$c20201127$lBLL01$h1833
=FIN  \\$aY$d20130610
=LAS  \\$aW2011-1472$b00$c20201127$lBLL01$h1833

