=LDR  01920 gm a2200433uu 4500
=001  016427811
=003  Uk
=005  20201127183323.0
=008  100813s1967\\\\xx\|||\|||||||||||mleng\d
=FMT  \\$a  VM
=035  \\$aASP1879546/ant1
=245  00$aBuilding a Kayak Part 2
=260  \\$aWatertown, MA$bDocumentary Educational Resources (DER)$c1967
=306  \\$a32 minutes
=490  0\$aEthnographic Video Online, Volume 1
=505  00$aAs the kayak takes shape there are more ribs to be split and shaped to fit, more soaking, bending and binding, more skins to soak and scrape and soak again before stretching them tightly on the frame and sewing them in place. Now the outer rim is put in position and, while the ice floats in the bay, the men launch and test their new kayak with evident pleasure in its able performance.
=546  \\$aIn English
=650  04$aEskimo
=650  \4$aCultural identity
=650  \4$aCrafts
=650  \4$aInuit people
=650  \4$aCanoes and kayaks
=650  \4$aSummer
=700  1\$aBrown, Quentin.$4pro
=700  1\$aBrown, Quentin.$4drt
=773  0\$dWatertown, MA : Documentary Educational Resources (DER), 1967
=856  40$uhttp://www.aspresolver.com/aspresolver.asp?ANTH;1879546$yAlexander Street Press Ethnographic Video Online
=859  \\$aORR$bAlexander Street Press
=883  0\$aLanguage codes assigned by Bayesian analysis of words present in record$d20201028$qUk$c0.9010
=985  \\$aUpgraded by BSS-generated file for WR2011-1472
=CAT  \\$aWR13_071$b00$c20130610$lBLL01$h1613
=CAT  \\$aBATCH$b00$c20130610$lBLL01$h1613
=CAT  \\$aWR16_088$c20160606$lBLL01$h1632
=CAT  \\$aBATCH-UPD$b00$c20160606$lBLL01$h1633
=CAT  \\$aW1610-0368$c20161006$lBLL01$h0938
=CAT  \\$aW1606-1753$c20171028$lBLL01$h1351
=CAT  \\$aW2011-1472$b00$c20201127$lBLL01$h1833
=FIN  \\$aY$d20130610
=LAS  \\$aW2011-1472$b00$c20201127$lBLL01$h1833

