=LDR  02127 gm a2200553uu 4500
=001  016427813
=003  Uk
=005  20201127183323.0
=008  100813s1997\\\\xx\|||\|||||||||||mleng\d
=FMT  \\$a  VM
=035  \\$aASP764548/ant1
=245  00$aBurma Diary
=260  \\$aWatertown, MA$bDocumentary Educational Resources (DER)$c1997
=306  \\$a55 minutes
=490  0\$aEthnographic Video Online, Volume 1
=505  00$aThis powerful and universally-acclaimed documentary explores the revolutionary movement fighting for democracy in Burma and depicts how young people, in particular, are affected by the human rights abuses of Burma's dictatorial military government.
=546  \\$aIn English, Subtitles in English
=650  04$aKaren
=650  04$aBurmese
=650  \4$aTotalitarianism
=650  \4$aWar
=650  \4$aHuman rights
=650  \4$aPolitics
=650  \4$aRefugees
=650  \4$aDemocracy
=650  \4$aMartial law
=700  1\$aHallacy, Jeanne.$4pro
=700  1\$aHallacy, Jeanne.$4aut
=700  1\$aHallacy, Jeanne.$4drt
=700  1\$aAung, Naing$4oth
=700  1\$aAung, Tint$4oth
=700  0\$aAung San Suu Kyi.$4oth
=700  1\$aMyint, San San$4oth
=700  1\$aHallacy, Jeanne.$4nrt
=773  0\$dWatertown, MA : Documentary Educational Resources (DER), 1997
=856  40$uhttp://www.aspresolver.com/aspresolver.asp?ANTH;764548$yAlexander Street Press Ethnographic Video Online
=859  \\$aORR$bAlexander Street Press
=883  0\$aLanguage codes assigned by Bayesian analysis of words present in record$d20201028$qUk$c0.9010
=985  \\$aUpgraded by BSS-generated file for WR2011-1472
=CAT  \\$aWR13_071$b00$c20130610$lBLL01$h1613
=CAT  \\$aBATCH$b00$c20130610$lBLL01$h1613
=CAT  \\$aBATCH-UPD$b00$c20130610$lBLL01$h1614
=CAT  \\$aBATCH-UPD$b00$c20151001$lBLL01$h2118
=CAT  \\$aWR16_088$c20160606$lBLL01$h1632
=CAT  \\$aW1610-0368$c20161006$lBLL01$h0938
=CAT  \\$aW1606-1753$c20171028$lBLL01$h1351
=CAT  \\$aW2011-1472$b00$c20201127$lBLL01$h1833
=FIN  \\$aY$d20130610
=LAS  \\$aW2011-1472$b00$c20201127$lBLL01$h1833

