=LDR  02664 gm a2200637uu 4500
=001  016427814
=003  Uk
=005  20201127183323.0
=008  100813s2004\\\\xx\|||\|||||||||||mleng\d
=FMT  \\$a  VM
=035  \\$aASP764550/ant1
=245  00$aBury the Spear!
=260  \\$aWatertown, MA$bDocumentary Educational Resources (DER)$c2004
=306  \\$a66 minutes
=490  0\$aEthnographic Video Online, Volume 1
=505  00$aRecorded in 1993
=520  3\$aIs peace possible? When we look at the history of mankind, questions arise about the inevitability of war and the impossibility of peace. These issues have never been more important to our future than they are in now in our globally-conscious, post-911 world. Made by the anthropologist/filmmaking team of Ivo Strecker and Alula Pankhurst, Bury the Spear! focuses on the 1993 peace-making efforts of the Abore, Borana, Konso, Tsamai, Hamar and Dasanach to end decades of ethnic war in the southern Ethiopian Rift Valley.
=546  \\$aIn Hamer-Banna, Subtitles in English
=650  04$aArbore
=650  04$aEthiopian
=650  04$aOromo
=650  04$aKonso
=650  \4$aTribal and national groups
=650  \4$aCultural change and history
=650  \4$aInterethnic relations
=650  \4$aPeace
=700  1\$aStrecker, Ivo$4pro
=700  1\$aPankhurst, Alula$4aut
=700  1\$aStrecker, Ivo$4aut
=700  1\$aPankhurst, Alula$4drt
=700  1\$aStrecker, Ivo$4drt
=700  1\$aArkulo, Aka$4oth
=700  1\$aArmar, Dalle$4oth
=700  1\$aBerinas, Aike$4oth
=700  1\$aDido, Iya$4oth
=700  1\$aDuba, Welalo$4oth
=700  1\$aGino, Surra$4oth
=700  1\$aGoytango, Getahun$4oth
=700  1\$aLydall, Jean.$4oth
=700  1\$aPankhurst, Alula$4oth
=700  1\$aStrecker, Ivo$4oth
=700  1\$aSurra, Horra$4oth
=773  0\$dWatertown, MA : Documentary Educational Resources (DER), 2004
=856  40$uhttp://www.aspresolver.com/aspresolver.asp?ANTH;764550$yAlexander Street Press Ethnographic Video Online
=859  \\$aORR$bAlexander Street Press
=883  0\$aLanguage codes assigned by Bayesian analysis of words present in record$d20201028$qUk$c0.9010
=985  \\$aUpgraded by BSS-generated file for WR2011-1472
=CAT  \\$aWR13_071$b00$c20130610$lBLL01$h1613
=CAT  \\$aBATCH$b00$c20130610$lBLL01$h1613
=CAT  \\$aWR16_088$c20160606$lBLL01$h1632
=CAT  \\$aBATCH-UPD$b00$c20160606$lBLL01$h1633
=CAT  \\$aW1610-0368$c20161006$lBLL01$h0938
=CAT  \\$aW1606-1753$c20171028$lBLL01$h1351
=CAT  \\$aW2011-1472$b00$c20201127$lBLL01$h1833
=FIN  \\$aY$d20130610
=LAS  \\$aW2011-1472$b00$c20201127$lBLL01$h1833

