=LDR  02548 gm a2200529uu 4500
=001  016427815
=003  Uk
=005  20201127183323.0
=008  100813s2006\\\\xx\|||\|||||||||||mleng\d
=FMT  \\$a  VM
=035  \\$aASP764552/ant1
=245  00$aBushman's Secret
=260  \\$aBotswana, Southern Africa, Kalahari Desert$bDocumentary Educational Resources (DER)$c2006
=306  \\$a64 minutes
=490  0\$aEthnographic Video Online, Volume 1
=505  00$aWhen South African filmmaker Rehad Desai travels to the Kalahari to investigate global interest in ancient Bushmen knowledge, he meets Jan van der Westhuizen, a fascinating Khomani San traditional healer. Jan's struggle to live close to nature is hampered by centuries of colonial exploitation of the San Bushmen and of their land. Unable to survive as they once did hunting and gathering, the Khomani now live in a state of poverty that threatens to see the last of this community forever.One plant could make all the difference. Hoodia, a cactus used by Bushmen for centuries, has caught the attention of a giant pharmaceutical company. It now stands to decide the fate of the Khomani San.
=546  \\$aIn English
=650  04$aKhomani San
=650  \4$aEnvironment
=650  \4$aPolitics
=650  \4$aBotany
=650  \4$aEthnobotany
=650  \4$aHerbalism
=650  \4$aEconomics
=650  \4$aTribal and national groups
=650  \4$aColonialism
=700  1\$aDesai, Rehad.$4pro
=700  1\$aKeiper, Hartmut.$4pro
=700  1\$aKeiper, Zivia$4pro
=700  1\$aKhanna, Anita.$4pro
=700  1\$aKhanna, Anita.$4aut
=700  1\$aDesai, Rehad.$4drt
=700  1\$avan der Westhulzen, Jan$4oth
=773  0\$dBotswana, Southern Africa, Kalahari Desert : Documentary Educational Resources (DER), 2006
=856  40$uhttp://www.aspresolver.com/aspresolver.asp?ANTH;764552$yAlexander Street Press Ethnographic Video Online
=859  \\$aORR$bAlexander Street Press
=883  0\$aLanguage codes assigned by Bayesian analysis of words present in record$d20201028$qUk$c0.9010
=985  \\$aUpgraded by BSS-generated file for WR2011-1472
=CAT  \\$aWR13_071$b00$c20130610$lBLL01$h1613
=CAT  \\$aBATCH$b00$c20130610$lBLL01$h1613
=CAT  \\$aWR16_088$c20160606$lBLL01$h1632
=CAT  \\$aBATCH-UPD$b00$c20160606$lBLL01$h1633
=CAT  \\$aW1610-0368$c20161006$lBLL01$h0938
=CAT  \\$aW1606-1753$c20171028$lBLL01$h1351
=CAT  \\$aW2011-1472$b00$c20201127$lBLL01$h1833
=FIN  \\$aY$d20130610
=LAS  \\$aW2011-1472$b00$c20201127$lBLL01$h1833

