=LDR  02714 gm a2200385uu 4500
=001  016427816
=003  Uk
=005  20201127183323.0
=008  100813s9999\\\\xx\|||\|||||||||||mleng\d
=FMT  \\$a  VM
=035  \\$aASP1785324/ant1
=245  00$aBushmen of the Kalahari
=260  \\$aNew York, NY$bFilmakers Library
=306  \\$a55 minutes
=490  0\$aEthnographic Video Online, Volume 1
=520  3\$aThe San people, more commonly known as Bushmen, are believed to be the earliest inhabitants of southern Africa. They have lived for 80,000 years as hunter-gatherers in the Kalahari Desert, and are well-known for their expert survival skills in a harsh environment. Their unique clicking languages and their astonishing method of healing through trance dancing have made them a source of worldwide fascination. But these peaceful people have long faced pressures from dominant tribes and European settlers. Recently, cattle ranches, diamond mines and other projects have confined the San to a small portion of the land they once freely roamed. Having been forcibly evicted from their last remaining homeland and relocated into settlements, they must depend on governmental and outside aid. In spite of these challenges, the Bushmen have now begun to stand up for their heritage, their land and their dignity. They have realized that they can benefit economically from their distinctive knowledge and cultural traditions by organizing cultural safaris and selling their indigenous arts and crafts. They are engaged in a legal battle to recover a small portion of their native homeland in the Kalahari. The film takes a unique look at the fascinating history, brutal struggles and the daunting challenges the Bushmen face in the 21st century.
=546  \\$aIn English
=650  04$aSan
=650  \4$aCultural change and history
=650  \4$aTribal and national groups
=700  1\$aEly, Paula.$4drt
=773  0\$dNew York, NY : Filmakers Library
=856  40$uhttp://www.aspresolver.com/aspresolver.asp?ANTH;1785324$yAlexander Street Press Ethnographic Video Online
=859  \\$aORR$bAlexander Street Press
=883  0\$aLanguage codes assigned by Bayesian analysis of words present in record$d20201028$qUk$c0.9010
=985  \\$aUpgraded by BSS-generated file for WR2011-1472
=CAT  \\$aWR13_071$b00$c20130610$lBLL01$h1613
=CAT  \\$aBATCH$b00$c20130610$lBLL01$h1613
=CAT  \\$aWR16_088$c20160606$lBLL01$h1632
=CAT  \\$aBATCH-UPD$b00$c20160606$lBLL01$h1633
=CAT  \\$aW1610-0368$c20161006$lBLL01$h0938
=CAT  \\$aW1606-1753$c20171028$lBLL01$h1351
=CAT  \\$aW2011-1472$b00$c20201127$lBLL01$h1833
=FIN  \\$aY$d20130610
=LAS  \\$aW2011-1472$b00$c20201127$lBLL01$h1833

