=LDR  01838 gm a2200481uu 4500
=001  016427817
=003  Uk
=005  20201127183323.0
=008  100813s2001\\\\xx\|||\|||||||||||mleng\d
=FMT  \\$a  VM
=035  \\$aASP764350/ant1
=245  00$aA Calling to Care
=260  \\$aWatertown, MA$bDocumentary Educational Resources (DER)$c2001
=306  \\$a25 minutes
=490  0\$aEthnographic Video Online, Volume 1
=505  00$aA Calling to Care is the inspiring story of 55 year-old Grace Stanley, a Canadian nurse who left her home and prestigious career behind to answer a calling halfway around the world in Karachi, Pakistan.
=546  \\$aIn English
=650  04$aPakistani
=650  04$aCanadian
=650  \4$aCare issues
=650  \4$aEducation
=650  \4$aIslam
=650  \4$aCultural identity
=650  \4$aNurses
=700  1\$aHart, Robbie$4pro
=700  1\$aKrals, Bobbi Jo$4pro
=700  1\$aKrals, Bobbi Jo$4aut
=700  1\$aKrals, Bobbi Jo$4drt
=700  1\$aHashwani, Salimah$4oth
=700  1\$aStanley, Grace$4oth
=773  0\$dWatertown, MA : Documentary Educational Resources (DER), 2001
=856  40$uhttp://www.aspresolver.com/aspresolver.asp?ANTH;764350$yAlexander Street Press Ethnographic Video Online
=859  \\$aORR$bAlexander Street Press
=883  0\$aLanguage codes assigned by Bayesian analysis of words present in record$d20201028$qUk$c0.9010
=985  \\$aUpgraded by BSS-generated file for WR2011-1472
=CAT  \\$aWR13_071$b00$c20130610$lBLL01$h1613
=CAT  \\$aBATCH$b00$c20130610$lBLL01$h1613
=CAT  \\$aWR16_088$c20160606$lBLL01$h1632
=CAT  \\$aW1610-0368$c20161006$lBLL01$h0938
=CAT  \\$aW1606-1753$c20171028$lBLL01$h1351
=CAT  \\$aW2011-1472$b00$c20201127$lBLL01$h1833
=FIN  \\$aY$d20130610
=LAS  \\$aW2011-1472$b00$c20201127$lBLL01$h1833

