=LDR  02005 gm a2200469uu 4500
=001  016427818
=003  Uk
=005  20201127183323.0
=008  100813s1998\\\\xx\|||\|||||||||||mleng\d
=FMT  \\$a  VM
=035  \\$aASP764554/ant1
=245  00$aCandles for New Years
=260  \\$aWatertown, MA$bDocumentary Educational Resources (DER)$c1998
=306  \\$a28 minutes
=490  0\$aEthnographic Video Online, Volume 1
=505  00$aFor 200 years groups of Lahu have been migrating from southwestern China into the highlands of Southeast Asia's "Golden Triangle" region.Though they share much with other migrants in the ethnic patchwork of the region, the Lahu maintain a vigorous sense of themselves as a distinct people. New Years is their prime time for celebrating what it means to be Lahu.
=546  \\$aIn English
=650  04$aLahu
=650  \4$aMigration
=650  \4$aReligious rites and ceremonies
=650  \4$aRural population
=650  \4$aCultural identity
=650  \4$aHoliday celebrations
=650  \4$aNew Year's day
=700  1\$aHill, Jacquetta$4pro
=700  1\$aPlath, David$4pro
=700  1\$aHill, Jacquetta$4aut
=700  1\$aHill, Jacquetta$4drt
=700  1\$aPlath, David$4drt
=773  0\$dWatertown, MA : Documentary Educational Resources (DER), 1998
=856  40$uhttp://www.aspresolver.com/aspresolver.asp?ANTH;764554$yAlexander Street Press Ethnographic Video Online
=859  \\$aORR$bAlexander Street Press
=883  0\$aLanguage codes assigned by Bayesian analysis of words present in record$d20201028$qUk$c0.9010
=985  \\$aUpgraded by BSS-generated file for WR2011-1472
=CAT  \\$aWR13_071$b00$c20130610$lBLL01$h1613
=CAT  \\$aBATCH$b00$c20130610$lBLL01$h1613
=CAT  \\$aWR16_088$c20160606$lBLL01$h1632
=CAT  \\$aW1610-0368$c20161006$lBLL01$h0938
=CAT  \\$aW1606-1753$c20171028$lBLL01$h1351
=CAT  \\$aW2011-1472$b00$c20201127$lBLL01$h1833
=FIN  \\$aY$d20130610
=LAS  \\$aW2011-1472$b00$c20201127$lBLL01$h1833

