=LDR  02016 gm a2200517uu 4500
=001  016427819
=003  Uk
=005  20201127183323.0
=008  100813s9999\\\\xx\|||\|||||||||||mleng\d
=FMT  \\$a  VM
=035  \\$aASP1689469/ant1
=245  00$aCaribbean Carnivals
=260  \\$aNew York, NY$bInsight Media
=306  \\$a26 minutes
=490  0\$aEthnographic Video Online, Volume 1
=505  00$aBeginning in Trinidad Carnival, this video examines carnivals on every Caribbean island. It explores the unique forms of each celebration and reveals their shared role as a path to the liberation of the spirit.
=546  \\$aIn English
=650  04$aCaribbean
=650  \4$aMusic
=650  \4$aCultural change and history
=650  \4$aCultural identity
=700  1\$aHall, Tony,$d1948-
=700  1\$aLaird, Christopher.$4pro
=700  1\$aPaddington, Bruce.$4pro
=700  1\$aLaird, Christopher.$4aut
=700  1\$aPaddington, Bruce.$4aut
=700  1\$aLaird, Christopher.$4drt
=700  1\$aPaddington, Bruce.$4drt
=700  1\$aCorsbie, Ken.$4nrt
=773  0\$dNew York, NY : Insight Media
=856  40$uhttp://www.aspresolver.com/aspresolver.asp?ANTH;1689469$yAlexander Street Press Ethnographic Video Online
=859  \\$aORR$bAlexander Street Press
=883  0\$aLanguage codes assigned by Bayesian analysis of words present in record$d20201028$qUk$c0.9010
=985  \\$aUpgraded by BSS-generated file for WR2011-1472
=CAT  \\$aWR13_071$b00$c20130610$lBLL01$h1613
=CAT  \\$aBATCH$b00$c20130610$lBLL01$h1613
=CAT  \\$aWR16_088$c20160606$lBLL01$h1632
=CAT  \\$aBATCH-UPD$b00$c20160606$lBLL01$h1633
=CAT  \\$aW1610-0368$c20161006$lBLL01$h0938
=CAT  \\$aW1606-1753$c20171028$lBLL01$h1351
=CAT  \\$a8962$b40$c20181114$lBLL01$h1251
=CAT  \\$a8962$b40$c20181114$lBLL01$h1255
=CAT  \\$a8962$b40$c20181114$lBLL01$h1257
=CAT  \\$aW2011-1472$b00$c20201127$lBLL01$h1833
=FIN  \\$aY$d20130610
=LAS  \\$aW2011-1472$b00$c20201127$lBLL01$h1833

