=LDR  02502 gm a2200625uu 4500
=001  016427820
=003  Uk
=005  20201127183323.0
=008  100813s2005\\\\xx\|||\|||||||||||mleng\d
=FMT  \\$a  VM
=035  \\$aASP764556/ant1
=245  00$aCaribou Kayak
=260  \\$aWatertown, MA$bDocumentary Educational Resources (DER)$c2005
=306  \\$a49 minutes
=490  0\$aEthnographic Video Online, Volume 1
=505  00$aRecorded in 2002
=520  3\$aOtto Apsaktaun and Gino Akka are the last Inuit elders who know the secrets of making a unique Canadian boat built for the Arctic - the Netsilingmeot caribou-hunting kayak. With features like a wide cockpit and long, narrow shape, the kayaks were designed to enhance the speed and ease of hunting caribou, since hunters have little time once caribou are spotted in the water.
=546  \\$aIn English
=650  04$aInuit
=650  \4$aLumber
=650  \4$aCultural participation
=650  \4$aCanoes and kayaks
=650  \4$aInuit people
=650  \4$aCultural identity
=650  \4$aCultural change and history
=650  \4$aHunting
=700  1\$aBarreveld, Ed.$4pro
=700  1\$aStewart, Michael.$4pro
=700  1\$aMitchell, Michael.$4aut
=700  1\$aMitchell, Michael.$4drt
=700  1\$aAkka, Gino$4oth
=700  1\$aApsaktaun, Jesse$4oth
=700  1\$aApsaktaun, Otto$4oth
=700  1\$aHerro, Jake$4oth
=700  1\$aLalonde, Shaona$4oth
=700  1\$aMorris, Robert.$4oth
=700  1\$aNirlungayuk, Leona$4oth
=700  1\$aNirlungayuk, Veronique$4oth
=700  1\$aReuen, Mark$4oth
=700  1\$aSikkuark, Jeffrey$4oth
=700  1\$aFrancks, Donald$4nrt
=773  0\$dWatertown, MA : Documentary Educational Resources (DER), 2005
=856  40$uhttp://www.aspresolver.com/aspresolver.asp?ANTH;764556$yAlexander Street Press Ethnographic Video Online
=859  \\$aORR$bAlexander Street Press
=883  0\$aLanguage codes assigned by Bayesian analysis of words present in record$d20201028$qUk$c0.9010
=985  \\$aUpgraded by BSS-generated file for WR2011-1472
=CAT  \\$aWR13_071$b00$c20130610$lBLL01$h1613
=CAT  \\$aBATCH$b00$c20130610$lBLL01$h1613
=CAT  \\$aWR16_088$c20160606$lBLL01$h1632
=CAT  \\$aBATCH-UPD$b00$c20160606$lBLL01$h1633
=CAT  \\$aW1610-0368$c20161006$lBLL01$h0938
=CAT  \\$aW1606-1753$c20171028$lBLL01$h1351
=CAT  \\$aW2011-1472$b00$c20201127$lBLL01$h1833
=FIN  \\$aY$d20130610
=LAS  \\$aW2011-1472$b00$c20201127$lBLL01$h1833

