=LDR  01917 gm a2200469uu 4500
=001  016427821
=003  Uk
=005  20201127183323.0
=008  100813s1987\\\\xx\|||\|||||||||||mleng\d
=FMT  \\$a  VM
=035  \\$aASP764558/ant1
=245  00$aCarnaval de Pueblo
=260  \\$aWatertown, MA$bDocumentary Educational Resources (DER)$c1987
=306  \\$a57 minutes
=490  0\$aEthnographic Video Online, Volume 1
=505  00$aCarnival time is big in this small Spanish town in Andalusia. Appropriately described by a local as a 'newspaper', the carnival is a time of dressing up and coming together. The men compose 'spicy' songs about local affairs and sing their social criticisms of national events.
=546  \\$aIn Spanish, Subtitles in English
=650  04$aAndalusian
=650  \4$aEthnomusicology
=650  \4$aReligion
=650  \4$aRural population
=650  \4$aFolk music
=650  \4$aMusic
=650  \4$aFestivals
=700  1\$aMintz, Jerome$4pro
=700  1\$aMintz, Jerome$4aut
=700  1\$aMintz, Jerome$4drt
=700  1\$aMoya, Jesús.$4oth
=773  0\$dWatertown, MA : Documentary Educational Resources (DER), 1987
=856  40$uhttp://www.aspresolver.com/aspresolver.asp?ANTH;764558$yAlexander Street Press Ethnographic Video Online
=859  \\$aORR$bAlexander Street Press
=883  0\$aLanguage codes assigned by Bayesian analysis of words present in record$d20201028$qUk$c0.9010
=985  \\$aUpgraded by BSS-generated file for WR2011-1472
=CAT  \\$aWR13_071$b00$c20130610$lBLL01$h1613
=CAT  \\$aBATCH$b00$c20130610$lBLL01$h1613
=CAT  \\$aWR16_088$c20160606$lBLL01$h1632
=CAT  \\$aBATCH-UPD$b00$c20160606$lBLL01$h1633
=CAT  \\$aW1610-0368$c20161006$lBLL01$h0938
=CAT  \\$aW1606-1753$c20171028$lBLL01$h1351
=CAT  \\$aW2011-1472$b00$c20201127$lBLL01$h1833
=FIN  \\$aY$d20130610
=LAS  \\$aW2011-1472$b00$c20201127$lBLL01$h1833

