=LDR  01969 gm a2200445uu 4500
=001  016427822
=003  Uk
=005  20201127183323.0
=008  100813s9999\\\\xx\|||\|||||||||||mleng\d
=FMT  \\$a  VM
=035  \\$aASP1879812/ant1
=245  00$aThe Carrot and the Stick
=260  \\$aLondon, UK$bRoyal Anthropological Institute
=306  \\$a47 minutes
=490  0\$aEthnographic Video Online, Volume 1
=505  00$aWhen they retired from selling insurance and teaching, John and Irene Brown volunteered to work overseas under a British Aid programme. They were sent to expand a marketing project aimed at gardeners in the Highlands of Papua New Guinea. The film brings out the conflicts within a development project, where expectations of European market capitalism clash with the local subsistence system.
=546  \\$aIn English
=650  04$aPapua New Guinean
=650  \4$aCapitalism
=650  \4$aCultural identity
=650  \4$aGovernment aid
=650  \4$aVolunteers
=700  1\$aArnott, Susi.$4drt
=700  1\$aBrown, Irene.$4oth
=700  1\$aBrown, John Russell.$4oth
=773  0\$dLondon, UK : Royal Anthropological Institute
=856  40$uhttp://www.aspresolver.com/aspresolver.asp?ANTH;1879812$yAlexander Street Press Ethnographic Video Online
=859  \\$aORR$bAlexander Street Press
=883  0\$aLanguage codes assigned by Bayesian analysis of words present in record$d20201028$qUk$c0.9010
=985  \\$aUpgraded by BSS-generated file for WR2011-1472
=CAT  \\$aWR13_071$b00$c20130610$lBLL01$h1613
=CAT  \\$aBATCH$b00$c20130610$lBLL01$h1613
=CAT  \\$aBATCH-UPD$b00$c20150108$lBLL01$h0829
=CAT  \\$aBATCH-UPD$b00$c20151202$lBLL01$h2142
=CAT  \\$aWR16_088$c20160606$lBLL01$h1632
=CAT  \\$aW1610-0368$c20161006$lBLL01$h0938
=CAT  \\$aW1606-1753$c20171028$lBLL01$h1351
=CAT  \\$aW2011-1472$b00$c20201127$lBLL01$h1833
=FIN  \\$aY$d20130610
=LAS  \\$aW2011-1472$b00$c20201127$lBLL01$h1833

