=LDR  02564 gm a2200601uu 4500
=001  016427823
=003  Uk
=005  20201127183323.0
=008  100813s2006\\\\xx\|||\|||||||||||mleng\d
=FMT  \\$a  VM
=035  \\$aASP808185/ant1
=245  00$aCartoneros
=260  \\$aWatertown, MA$bDocumentary Educational Resources (DER)$c2006
=306  \\$a60 minutes
=490  0\$aEthnographic Video Online, Volume 1
=505  00$aCartoneros follows the paper recycling process in Buenos Aires from the trash pickers who collect paper informally through middlemen in warehouses, to executives in large corporate mills. The process exploded into a multimillion dollar industry after Argentina's latest economic collapse. The film is both a record of an economic and social crisis and an invitation to audiences to rethink the value of trash.
=546  \\$aIn Spanish, Subtitles in English
=650  04$aArgentine
=650  \4$aRecycling industry
=650  \4$aPoverty
=650  \4$aEconomic conditions
=650  \4$aUrban population
=700  1\$aBrisk, Angélica Allende.$4pro
=700  1\$aLivon-Grosman, Ernesto.$4pro
=700  1\$aLivon-Grosman, Ernesto.$4aut
=700  1\$aLivon-Grosman, Ernesto.$4drt
=700  1\$aAcvalo, Horacio$4oth
=700  1\$aAnitori, Hugo$4oth
=700  1\$aColo$4oth
=700  1\$aGonzalez, Horacio$4oth
=700  1\$aLescano, Cristina$4oth
=700  1\$aMarmo, Alejandro.$4oth
=700  1\$aMonzón, Francisco$4oth
=700  1\$aPrignano, Angel$4oth
=700  1\$aSchamber, Pablo$4oth
=700  1\$aSuárez, Francisco.$4oth
=700  1\$aBanegas, Cristina.$4nrt
=773  0\$dWatertown, MA : Documentary Educational Resources (DER), 2006
=856  40$uhttp://www.aspresolver.com/aspresolver.asp?ANTH;808185$yAlexander Street Press Ethnographic Video Online
=859  \\$aORR$bAlexander Street Press
=883  0\$aLanguage codes assigned by Bayesian analysis of words present in record$d20201028$qUk$c0.9010
=985  \\$aUpgraded by BSS-generated file for WR2011-1472
=CAT  \\$aWR13_071$b00$c20130610$lBLL01$h1613
=CAT  \\$aBATCH$b00$c20130610$lBLL01$h1613
=CAT  \\$aBATCH-UPD$b00$c20130610$lBLL01$h1621
=CAT  \\$aBATCH-UPD$b00$c20141222$lBLL01$h0859
=CAT  \\$aWR16_088$c20160606$lBLL01$h1632
=CAT  \\$aBATCH-UPD$b00$c20160606$lBLL01$h1633
=CAT  \\$aW1610-0368$c20161006$lBLL01$h0938
=CAT  \\$aW1606-1753$c20171028$lBLL01$h1351
=CAT  \\$aW2011-1472$b00$c20201127$lBLL01$h1833
=FIN  \\$aY$d20130610
=LAS  \\$aW2011-1472$b00$c20201127$lBLL01$h1833

