=LDR  01766 gm a2200505uu 4500
=001  016427825
=003  Uk
=005  20201127183323.0
=008  100813s1995\\\\xx\|||\|||||||||||mleng\d
=FMT  \\$a  VM
=035  \\$aASP1647041/ant1
=245  00$aA Caterpillar Moon
=260  \\$aLondon, England$bBritish Broadcasting Corporation (BBC)$c1995
=306  \\$a48 minutes
=490  0\$aEthnographic Video Online, Volume 1
=505  00$aIn English
=650  04$aAka
=650  \4$aCultural identity
=650  \4$aSocial dances
=650  \4$aTeeth
=650  \4$aBody alteration
=650  \4$aAdolescents
=650  \4$aInternal migration
=650  \4$aInsects
=650  \4$aTribal and national groups
=650  \4$aLocal populations
=650  \4$aAfricans
=700  1\$aSimmons, Julia.$4pro
=700  1\$aHewlett, Barry S.$4aut
=700  1\$aHyks, Veronika.$4nrt
=773  0\$dLondon, England : British Broadcasting Corporation (BBC), 1995
=856  40$uhttp://www.aspresolver.com/aspresolver.asp?ANTH;1647041$yAlexander Street Press Ethnographic Video Online
=859  \\$aORR$bAlexander Street Press
=883  0\$aLanguage codes assigned by Bayesian analysis of words present in record$d20201028$qUk$c0.9010
=985  \\$aUpgraded by BSS-generated file for WR2011-1472
=CAT  \\$aWR13_071$b00$c20130610$lBLL01$h1613
=CAT  \\$aBATCH$b00$c20130610$lBLL01$h1613
=CAT  \\$aWR16_088$c20160606$lBLL01$h1632
=CAT  \\$aBATCH-UPD$b00$c20160606$lBLL01$h1633
=CAT  \\$aW1610-0368$c20161006$lBLL01$h0938
=CAT  \\$aBATCH-UPD$b00$c20170403$lBLL01$h2019
=CAT  \\$aW1606-1753$c20171028$lBLL01$h1351
=CAT  \\$aW2011-1472$b00$c20201127$lBLL01$h1833
=FIN  \\$aY$d20130610
=LAS  \\$aW2011-1472$b00$c20201127$lBLL01$h1833

