=LDR  02415 gm a2200565uu 4500
=001  016427826
=003  Uk
=005  20201127183323.0
=008  100813s1992\\\\xx\|||\|||||||||||mleng\d
=FMT  \\$a  VM
=035  \\$aASP764352/ant1
=245  00$aA Celebration of Origins
=260  \\$aWatertown, MA$bDocumentary Educational Resources (DER)$c1992
=306  \\$a45 minutes
=490  0\$aEthnographic Video Online, Volume 1
=505  00$aRecorded in 1980
=520  3\$aThe people of the Tana 'Ai region of Flores, Indonesia live in seven ceremonial domains, of which Wai Brama is the largest and the oldest. The people of Wai Brama are shifting cultivators, hunters and gatherers who, unlike their neighbors, have maintained their traditional ceremonial and social system. A Celebration of Origins, filmed in 1980, depicts the first celebration of these rituals since 1960.
=546  \\$aIn English, Subtitles in English
=650  04$aAta Tana 'Ai
=650  \4$aReligion
=650  \4$aCultural identity
=650  \4$aTribal and national groups
=650  \4$aCultural change and history
=650  \4$aReligious rites and ceremonies
=700  1\$aAsch, Patsy.$4pro
=700  1\$aAsch, Timothy.$4pro
=700  1\$aLewis, E. Douglas$4pro
=700  1\$aAsch, Patsy.$4aut
=700  1\$aAsch, Timothy.$4aut
=700  1\$aLewis, E. Douglas$4aut
=700  1\$aAsch, Patsy.$4drt
=700  1\$aAsch, Timothy.$4drt
=700  1\$aLewis, E. Douglas$4drt
=700  1\$aIpir Wai Brama, Pius$4oth
=700  1\$aIpir Wai Brama, Sina$4oth
=700  1\$aTapa, Koa$4oth
=773  0\$dWatertown, MA : Documentary Educational Resources (DER), 1992
=856  40$uhttp://www.aspresolver.com/aspresolver.asp?ANTH;764352$yAlexander Street Press Ethnographic Video Online
=859  \\$aORR$bAlexander Street Press
=883  0\$aLanguage codes assigned by Bayesian analysis of words present in record$d20201028$qUk$c0.9010
=985  \\$aUpgraded by BSS-generated file for WR2011-1472
=CAT  \\$aWR13_071$b00$c20130610$lBLL01$h1613
=CAT  \\$aBATCH$b00$c20130610$lBLL01$h1613
=CAT  \\$aWR16_088$c20160606$lBLL01$h1632
=CAT  \\$aBATCH-UPD$b00$c20160606$lBLL01$h1633
=CAT  \\$aW1610-0368$c20161006$lBLL01$h0938
=CAT  \\$aW1606-1753$c20171028$lBLL01$h1351
=CAT  \\$aW2011-1472$b00$c20201127$lBLL01$h1833
=FIN  \\$aY$d20130610
=LAS  \\$aW2011-1472$b00$c20201127$lBLL01$h1833

