=LDR  02079 gm a2200505uu 4500
=001  016427827
=003  Uk
=005  20201127183323.0
=008  100813s1980\\\\xx\|||\|||||||||||mleng\d
=FMT  \\$a  VM
=035  \\$aASP765348/ant1
=245  00$aThe Chaco Legacy
=260  \\$aWatertown, MA$bDocumentary Educational Resources (DER)$c1980
=306  \\$a59 minutes
=490  0\$aEthnographic Video Online, Volume 1
=505  00$aIn 1849, a U.S. Army expedition in New Mexico came upon the first monumental stone ruins ever discovered in North America. By the 1920s, excavations had revealed the remains of a remarkable community, constructed entirely of mortarless masonry, which flourished nine hundred years ago in the Chaco Canyon.
=546  \\$aIn English
=650  04$aAmerican Indian
=650  \4$aClimates
=650  \4$aArchaeological artifacts
=650  \4$aWater supply
=650  \4$aArchitecture
=650  \4$aCanyons
=650  \4$aArchaeological sites
=650  \4$aAncient civilizations
=700  1\$aChedd, Graham.$4pro
=700  1\$aChedd, Graham.$4aut
=700  1\$aChedd, Graham.$4drt
=700  1\$aVivian, R. Gwinn.$4oth
=700  1\$aKeach, Stacy.$4nrt
=773  0\$dWatertown, MA : Documentary Educational Resources (DER), 1980
=856  40$uhttp://www.aspresolver.com/aspresolver.asp?ANTH;765348$yAlexander Street Press Ethnographic Video Online
=859  \\$aORR$bAlexander Street Press
=883  0\$aLanguage codes assigned by Bayesian analysis of words present in record$d20201028$qUk$c0.9010
=985  \\$aUpgraded by BSS-generated file for WR2011-1472
=CAT  \\$aWR13_071$b00$c20130610$lBLL01$h1613
=CAT  \\$aBATCH$b00$c20130610$lBLL01$h1613
=CAT  \\$aBATCH-UPD$b00$c20150326$lBLL01$h2102
=CAT  \\$aBATCH-UPD$b00$c20150404$lBLL01$h1247
=CAT  \\$aWR16_088$c20160606$lBLL01$h1632
=CAT  \\$aW1610-0368$c20161006$lBLL01$h0938
=CAT  \\$aW1606-1753$c20171028$lBLL01$h1351
=CAT  \\$aW2011-1472$b00$c20201127$lBLL01$h1833
=FIN  \\$aY$d20130610
=LAS  \\$aW2011-1472$b00$c20201127$lBLL01$h1833

