=LDR  02075 gm a2200457uu 4500
=001  016427828
=003  Uk
=005  20201127183323.0
=008  100813s1990\\\\xx\|||\|||||||||||mleng\d
=FMT  \\$a  VM
=035  \\$aASP764562/ant1
=245  00$aCharcoal-makers
=260  \\$aWatertown, MA$bDocumentary Educational Resources (DER)$c1990
=306  \\$a30 minutes
=490  0\$aEthnographic Video Online, Volume 1
=490  0\$aGreek Series
=505  00$aA strange landscape in the middle of the Greek mountains. The silhouettes of furnaces emerge from the hazy and smoke-dappled light. Charcoal-makers, who come sometimes from distant places with their families, are burning wood to make charcoal. They rent their services out to contractors during the five or six summer months. Verging on the poetic, the film describes the difficult and archaic process of charcoal-making in a modern world.
=546  \\$aIn Greek, Subtitles in English
=650  04$aGreek
=650  \4$aCultural identity
=650  \4$aManufactured material
=650  \4$aIndustry
=650  \4$aRural population
=700  1\$aPiault, Colette.$4pro
=700  1\$aPiault, Colette.$4aut
=700  1\$aPiault, Colette.$4drt
=700  1\$aPiault, Colette.$4oth
=773  0\$dWatertown, MA : Documentary Educational Resources (DER), 1990
=856  40$uhttp://www.aspresolver.com/aspresolver.asp?ANTH;764562$yAlexander Street Press Ethnographic Video Online
=859  \\$aORR$bAlexander Street Press
=883  0\$aLanguage codes assigned by Bayesian analysis of words present in record$d20201028$qUk$c0.9010
=985  \\$aUpgraded by BSS-generated file for WR2011-1472
=CAT  \\$aWR13_071$b00$c20130610$lBLL01$h1613
=CAT  \\$aBATCH$b00$c20130610$lBLL01$h1613
=CAT  \\$aWR16_088$c20160606$lBLL01$h1632
=CAT  \\$aBATCH-UPD$b00$c20160606$lBLL01$h1633
=CAT  \\$aW1610-0368$c20161006$lBLL01$h0938
=CAT  \\$aW1606-1753$c20171028$lBLL01$h1351
=CAT  \\$aW2011-1472$b00$c20201127$lBLL01$h1833
=FIN  \\$aY$d20130610
=LAS  \\$aW2011-1472$b00$c20201127$lBLL01$h1833

