=LDR  01812 gm a2200457uu 4500
=001  016427829
=003  Uk
=005  20201127183323.0
=008  100813s2005\\\\xx\|||\|||||||||||mleng\d
=FMT  \\$a  VM
=035  \\$aASP764564/ant1
=245  00$aCheerleader
=260  \\$aWatertown, MA$bDocumentary Educational Resources (DER)$c2005
=306  \\$a24 minutes
=490  0\$aEthnographic Video Online, Volume 1
=505  00$aCheerleader explores the quest to be a champion, the experience of being female, and the ins and outs of an All-American pastime, all through the eyes of some of the nation's youngest cheerleaders.
=546  \\$aIn English
=650  04$aAmerican
=650  \4$aCheerleading
=650  \4$aGender
=650  \4$aSports
=700  1\$aBassford, Kimberlee.$4pro
=700  1\$aBassford, Kimberlee.$4aut
=700  1\$aBassford, Kimberlee.$4drt
=700  1\$aBeck, Diana$4oth
=700  1\$aWagner, Whitney$4oth
=700  1\$aGorney, Cynthia.$4nrt
=773  0\$dWatertown, MA : Documentary Educational Resources (DER), 2005
=856  40$uhttp://www.aspresolver.com/aspresolver.asp?ANTH;764564$yAlexander Street Press Ethnographic Video Online
=859  \\$aORR$bAlexander Street Press
=883  0\$aLanguage codes assigned by Bayesian analysis of words present in record$d20201028$qUk$c0.9010
=985  \\$aUpgraded by BSS-generated file for WR2011-1472
=CAT  \\$aWR13_071$b00$c20130610$lBLL01$h1613
=CAT  \\$aBATCH$b00$c20130610$lBLL01$h1613
=CAT  \\$aWR16_088$c20160606$lBLL01$h1632
=CAT  \\$aBATCH-UPD$b00$c20160606$lBLL01$h1633
=CAT  \\$aW1610-0368$c20161006$lBLL01$h0938
=CAT  \\$aW1606-1753$c20171028$lBLL01$h1351
=CAT  \\$aW2011-1472$b00$c20201127$lBLL01$h1833
=FIN  \\$aY$d20130610
=LAS  \\$aW2011-1472$b00$c20201127$lBLL01$h1833

