=LDR  02100 gm a2200493uu 4500
=001  016427830
=003  Uk
=005  20201127183323.0
=008  100813s2000\\\\xx\|||\|||||||||||mleng\d
=FMT  \\$a  VM
=035  \\$aASP765350/ant1
=245  00$aThe Child the Stork Brought Home
=260  \\$aWatertown, MA$bDocumentary Educational Resources (DER)$c2000
=306  \\$a59 minutes
=490  0\$aEthnographic Video Online, Volume 1
=505  00$aThe Child the Stork Brought Home is an intimate portrait of a gestational surrogacy arrangement, from the embryo transfer that "took" and got both the gestational surrogate and genetic parents "pregnant," to the birth of a slightly premature baby girl 34 weeks later. The film captures, through spaced interviews and cinema verite scenes; doctor visits, the baby shower, the birth and its emotional aftermath.
=546  \\$aIn English
=650  04$aAmerican
=650  \4$aEthics
=650  \4$aChildbirth
=650  \4$aSurrogacy
=650  \4$aPregnancy
=650  \4$aFertility
=700  1\$aGoslinga-Roy, Gillian.$4pro
=700  1\$aGoslinga-Roy, Gillian.$4aut
=700  1\$aGoslinga-Roy, Gillian.$4drt
=700  1\$aDenver$4oth
=700  1\$aEric$4oth
=700  1\$aJanis$4oth
=700  1\$aKim$4oth
=773  0\$dWatertown, MA : Documentary Educational Resources (DER), 2000
=856  40$uhttp://www.aspresolver.com/aspresolver.asp?ANTH;765350$yAlexander Street Press Ethnographic Video Online
=859  \\$aORR$bAlexander Street Press
=883  0\$aLanguage codes assigned by Bayesian analysis of words present in record$d20201028$qUk$c0.9010
=985  \\$aUpgraded by BSS-generated file for WR2011-1472
=CAT  \\$aWR13_071$b00$c20130610$lBLL01$h1613
=CAT  \\$aBATCH$b00$c20130610$lBLL01$h1613
=CAT  \\$aWR16_088$c20160606$lBLL01$h1632
=CAT  \\$aBATCH-UPD$b00$c20160606$lBLL01$h1633
=CAT  \\$aW1610-0368$c20161006$lBLL01$h0938
=CAT  \\$aW1606-1753$c20171028$lBLL01$h1351
=CAT  \\$aW2011-1472$b00$c20201127$lBLL01$h1833
=FIN  \\$aY$d20130610
=LAS  \\$aW2011-1472$b00$c20201127$lBLL01$h1833

