=LDR  01781 gm a2200469uu 4500
=001  016427833
=003  Uk
=005  20201127183323.0
=008  100813s1972\\\\xx\|||\|||||||||||mleng\d
=FMT  \\$a  VM
=035  \\$aASP764568/ant1
=245  00$aChildren Throw Toy Assegais
=260  \\$aWatertown, MA$bDocumentary Educational Resources (DER)$c1972
=306  \\$a5 minutes
=490  0\$aEthnographic Video Online, Volume 1
=505  00$aRecorded in 1958
=520  3\$aYoung boys throw toy spears into a tree, trying to make them stick in the bark. A girl watches.
=546  \\$aIn Ju/'hoan
=650  04$a!Kung
=650  04$aJu/'hoansi
=650  \4$aChildren's play
=650  \4$aSocialization
=650  \4$aGender roles
=650  \4$aChildhood
=700  1\$aMarshall, John,$d1932-2005$4pro
=700  1\$aMarshall, John,$d1932-2005$4aut
=700  1\$aMarshall, John,$d1932-2005$4drt
=773  0\$dWatertown, MA : Documentary Educational Resources (DER), 1972
=856  40$uhttp://www.aspresolver.com/aspresolver.asp?ANTH;764568$yAlexander Street Press Ethnographic Video Online
=859  \\$aORR$bAlexander Street Press
=883  0\$aLanguage codes assigned by Bayesian analysis of words present in record$d20201028$qUk$c0.9010
=985  \\$aUpgraded by BSS-generated file for WR2011-1472
=CAT  \\$aWR13_071$b00$c20130610$lBLL01$h1613
=CAT  \\$aBATCH$b00$c20130610$lBLL01$h1613
=CAT  \\$a7416$b40$c20150203$lBLL01$h1147
=CAT  \\$aBATCH-UPD$b40$c20150203$lBLL01$h1147
=CAT  \\$aWR16_088$c20160606$lBLL01$h1632
=CAT  \\$aW1610-0368$c20161006$lBLL01$h0938
=CAT  \\$aW1606-1753$c20171028$lBLL01$h1351
=CAT  \\$aW2011-1472$b00$c20201127$lBLL01$h1833
=FIN  \\$aY$d20130610
=LAS  \\$aW2011-1472$b00$c20201127$lBLL01$h1833

