=LDR  02213 gm a2200469uu 4500
=001  016427835
=003  Uk
=005  20210426133059.0
=008  100813s2001\\\\xx\|||\|||||||||||mleng\d
=FMT  \\$a  VM
=035  \\$aASP764572/ant1
=245  00$aChimpanzees Today
=260  \\$aWatertown, MA$bDocumentary Educational Resources (DER)$c2001
=306  \\$a36 minutes
=490  0\$aEthnographic Video Online, Volume 1
=505  00$aChimpanzees Today is an overview of the various roles filled by chimpanzees and the situations in which they currently live. It begins by briefly discussing the precipitous drop in wild populations as well as some of the history of Jane Goodall's research at Gombe, focusing on the discoveries that promoted the use of the chimpanzee model in studying human evolution. It then covers many situations chimpanzee captivity, including the sanctuaries in Africa set up for infant chimpanzees rescued from poachers and some of the zoo habitats in which they are held.
=546  \\$aIn English
=600  14$aGoodall, Jane,$d1934-
=650  \4$aScientific research
=650  \4$aZoology
=650  \4$aBiology
=650  \4$aPrimates
=700  1\$aZeller, Anne.$4pro
=700  1\$aZeller, Anne.$4aut
=700  1\$aZeller, Anne.$4drt
=700  1\$aMahoney, James.$4oth
=700  1\$aZeller, Anne.$4nrt
=773  0\$dWatertown, MA : Documentary Educational Resources (DER), 2001
=856  40$uhttp://www.aspresolver.com/aspresolver.asp?ANTH;764572$yAlexander Street Press Ethnographic Video Online
=859  \\$aORR$bAlexander Street Press
=883  0\$aLanguage codes assigned by Bayesian analysis of words present in record$d20201028$qUk$c0.9010
=985  \\$aUpgraded by BSS-generated file for WR2011-1472
=CAT  \\$aWR13_071$b00$c20130610$lBLL01$h1613
=CAT  \\$aBATCH$b00$c20130610$lBLL01$h1613
=CAT  \\$aWR16_088$c20160606$lBLL01$h1632
=CAT  \\$aBATCH-UPD$b00$c20160606$lBLL01$h1633
=CAT  \\$aW1610-0368$c20161006$lBLL01$h0938
=CAT  \\$aW1606-1753$c20171028$lBLL01$h1351
=CAT  \\$aW2011-1472$b00$c20201127$lBLL01$h1833
=CAT  \\$a5194$b40$c20210426$lBLL01$h1330
=FIN  \\$aY$d20130610
=LAS  \\$a5194$b40$c20210426$lBLL01$h1330

