=LDR  02136 gm a2200517uu 4500
=001  016427836
=003  Uk
=005  20201127183324.0
=008  100813s1974\\\\xx\|||\|||||||||||mleng\d
=FMT  \\$a  VM
=035  \\$aASP764574/ant1
=245  00$aChina Coast: China Coast Fishing
=260  \\$aWatertown, MA$bDocumentary Educational Resources (DER)$c1974
=306  \\$a19 minutes
=490  0\$aEthnographic Video Online, Volume 1
=505  00$aRecorded in 1973
=520  3\$aThe film concerns the traditional "floating population" who fish Chinese coastal waters from family sized Junks based in Hong Kong in competition with salaried fisherman using large, mechanized boats. The combined effect of education and an increased integration with shore life is putting strains on the old ways.
=546  \\$aIn English
=650  04$aChinese
=650  \4$aRural population
=650  \4$aEducation
=650  \4$aCultural change and history
=650  \4$aBoats and ships
=650  \4$aEconomics
=650  \4$aCommercial fishing
=700  1\$aMiller, Norman.$4pro
=700  1\$aChang, George.$4aut
=700  1\$aChen, Richard Yao-Chi$4aut
=700  1\$aMiller, Norman.$4aut
=700  1\$aChang, George.$4drt
=700  1\$aChen, Richard Yao-Chi$4drt
=700  1\$aMiller, Norman.$4drt
=773  0\$dWatertown, MA : Documentary Educational Resources (DER), 1974
=856  40$uhttp://www.aspresolver.com/aspresolver.asp?ANTH;764574$yAlexander Street Press Ethnographic Video Online
=859  \\$aORR$bAlexander Street Press
=883  0\$aLanguage codes assigned by Bayesian analysis of words present in record$d20201028$qUk$c0.9010
=985  \\$aUpgraded by BSS-generated file for WR2011-1472
=CAT  \\$aWR13_071$b00$c20130610$lBLL01$h1613
=CAT  \\$aBATCH$b00$c20130610$lBLL01$h1613
=CAT  \\$aWR16_088$c20160606$lBLL01$h1632
=CAT  \\$aBATCH-UPD$b00$c20160606$lBLL01$h1633
=CAT  \\$aW1610-0368$c20161006$lBLL01$h0938
=CAT  \\$aW1606-1753$c20171028$lBLL01$h1351
=CAT  \\$aW2011-1472$b00$c20201127$lBLL01$h1833
=FIN  \\$aY$d20130610
=LAS  \\$aW2011-1472$b00$c20201127$lBLL01$h1833

