=LDR  01968 gm a2200469uu 4500
=001  016427840
=003  Uk
=005  20201127183324.0
=008  100813s1974\\\\xx\|||\|||||||||||mleng\d
=FMT  \\$a  VM
=035  \\$aASP765494/ant1
=245  00$aChina Coast: Three Island Women
=260  \\$aWatertown, MA$bDocumentary Educational Resources (DER)$c1974
=306  \\$a17 minutes
=490  0\$aEthnographic Video Online, Volume 1
=505  00$aThree women, varying in ages and therefore perspective, agree that life on a small Chinese island in Hong Kong waters, is better for them now than in the past. They are treated equal to the men in the rigors of manual labor and now participate fully in the island's decision-making and economic life.
=546  \\$aIn English
=650  04$aChinese
=650  \4$aEquality
=650  \4$aGender roles
=650  \4$aWomen
=700  1\$aMiller, Norman.$4pro
=700  1\$aChang, George.$4aut
=700  1\$aChen, Richard Yao-Chi$4aut
=700  1\$aMiller, Norman.$4aut
=700  1\$aChang, George.$4drt
=700  1\$aChen, Richard Yao-Chi$4drt
=700  1\$aMiller, Norman.$4drt
=773  0\$dWatertown, MA : Documentary Educational Resources (DER), 1974
=856  40$uhttp://www.aspresolver.com/aspresolver.asp?ANTH;765494$yAlexander Street Press Ethnographic Video Online
=859  \\$aORR$bAlexander Street Press
=883  0\$aLanguage codes assigned by Bayesian analysis of words present in record$d20201028$qUk$c0.9010
=985  \\$aUpgraded by BSS-generated file for WR2011-1472
=CAT  \\$aWR13_071$b00$c20130610$lBLL01$h1613
=CAT  \\$aBATCH$b00$c20130610$lBLL01$h1613
=CAT  \\$aWR16_088$c20160606$lBLL01$h1632
=CAT  \\$aBATCH-UPD$b00$c20160606$lBLL01$h1633
=CAT  \\$aW1610-0368$c20161006$lBLL01$h0938
=CAT  \\$aW1606-1753$c20171028$lBLL01$h1351
=CAT  \\$aW2011-1472$b00$c20201127$lBLL01$h1833
=FIN  \\$aY$d20130610
=LAS  \\$aW2011-1472$b00$c20201127$lBLL01$h1833

