=LDR  01966 gm a2200433uu 4500
=001  016427841
=003  Uk
=005  20201127183324.0
=008  100813s1988\\\\xx\|||\|||||||||||mleng\d
=FMT  \\$a  VM
=035  \\$aASP764576/ant1
=245  00$aClaude Lebet, Luthier
=260  \\$aWatertown, MA$bDocumentary Educational Resources (DER)$c1988
=306  \\$a35 minutes
=490  0\$aEthnographic Video Online, Volume 1
=505  00$aClaude Lebet, luthier, had originally wanted to be a parson, like his father before him. However, after one year in theological school, he left to study violin making in Cremona, Italy. Later, he returned to Switzerland, where he founded his workshop at La Chaux-de-Fonds in the Jura mountains. The "Musici di Roma" launched his career by buying the first violin he made, then helping him acquire his house.
=546  \\$aIn French, Subtitles in English
=650  04$aSwiss
=650  \4$aViolins
=650  \4$aMusical instruments
=650  \4$aCrafts
=650  \4$aWoodworking
=700  1\$aVeuve, Jacqueline.$4aut
=700  1\$aVeuve, Jacqueline.$4drt
=700  1\$aLebet, Claude.$4oth
=773  0\$dWatertown, MA : Documentary Educational Resources (DER), 1988
=856  40$uhttp://www.aspresolver.com/aspresolver.asp?ANTH;764576$yAlexander Street Press Ethnographic Video Online
=859  \\$aORR$bAlexander Street Press
=883  0\$aLanguage codes assigned by Bayesian analysis of words present in record$d20201028$qUk$c0.9010
=985  \\$aUpgraded by BSS-generated file for WR2011-1472
=CAT  \\$aWR13_071$b00$c20130610$lBLL01$h1613
=CAT  \\$aBATCH$b00$c20130610$lBLL01$h1613
=CAT  \\$aWR16_088$c20160606$lBLL01$h1632
=CAT  \\$aBATCH-UPD$b00$c20160606$lBLL01$h1633
=CAT  \\$aW1610-0368$c20161006$lBLL01$h0938
=CAT  \\$aW1606-1753$c20171028$lBLL01$h1351
=CAT  \\$aW2011-1472$b00$c20201127$lBLL01$h1833
=FIN  \\$aY$d20130610
=LAS  \\$aW2011-1472$b00$c20201127$lBLL01$h1833

