=LDR  02131 gm a2200493uu 4500
=001  016427842
=003  Uk
=005  20201127183324.0
=008  100813s1974\\\\xx\|||\|||||||||||mleng\d
=FMT  \\$a  VM
=035  \\$aASP764578/ant1
=245  00$aClimbing the Peach Palm
=260  \\$aWatertown, MA$bDocumentary Educational Resources (DER)$c1974
=306  \\$a9 minutes
=490  0\$aEthnographic Video Online, Volume 1
=505  00$aRecorded in 1971
=520  3\$aThe ingenuity of Yanomamo technology is revealed in the climbing frame used to scale the spiny trunk of the peach palm tree. Here a young man collects the fruit for his in-laws by means of two frames, each constructed of two crisscrossed poles. As he perches on one frame, he raises (or lowers) the other, onto which he carefully steps, continuing in this manner up (or down) the entire tree.
=546  \\$aIn Yanomamö
=650  04$aYanomamö
=650  \4$aTools
=650  \4$aAnthropology
=650  \4$aTribal and national groups
=650  \4$aScience and Technology
=650  \4$aAgriculture
=700  1\$aAsch, Timothy.$4pro
=700  1\$aChagnon, Napoleon$4pro
=700  1\$aAsch, Timothy.$4aut
=700  1\$aChagnon, Napoleon$4aut
=700  1\$aAsch, Timothy.$4drt
=700  1\$aChagnon, Napoleon$4drt
=773  0\$dWatertown, MA : Documentary Educational Resources (DER), 1974
=856  40$uhttp://www.aspresolver.com/aspresolver.asp?ANTH;764578$yAlexander Street Press Ethnographic Video Online
=859  \\$aORR$bAlexander Street Press
=883  0\$aLanguage codes assigned by Bayesian analysis of words present in record$d20201028$qUk$c0.9010
=985  \\$aUpgraded by BSS-generated file for WR2011-1472
=CAT  \\$aWR13_071$b00$c20130610$lBLL01$h1613
=CAT  \\$aBATCH$b00$c20130610$lBLL01$h1613
=CAT  \\$aWR16_088$c20160606$lBLL01$h1632
=CAT  \\$aBATCH-UPD$b00$c20160606$lBLL01$h1633
=CAT  \\$aW1610-0368$c20161006$lBLL01$h0938
=CAT  \\$aW1606-1753$c20171028$lBLL01$h1351
=CAT  \\$aW2011-1472$b00$c20201127$lBLL01$h1833
=FIN  \\$aY$d20130610
=LAS  \\$aW2011-1472$b00$c20201127$lBLL01$h1833

