=LDR  02302 gm a2200553uu 4500
=001  016427843
=003  Uk
=005  20201127183324.0
=008  100813s2002\\\\xx\|||\|||||||||||mleng\d
=FMT  \\$a  VM
=035  \\$aASP764580/ant1
=245  00$aClose Encounters of No Kind
=260  \\$aWatertown, MA$bDocumentary Educational Resources (DER)$c2002
=306  \\$a61 minutes
=490  0\$aEthnographic Video Online, Volume 1
=505  00$aRecorded in 1987
=520  3\$aClose Encounters of No Kind follows the Rabari, camel and sheep herders of Saurastra, India. Their nomadic lifestyle requires them to move herds of sheep and camels across the Saurastrian landscape to seek grazing and water. This practice has been going on for hundreds of years and during that time the Rabari have developed close working relationships with many groups and deeply adverse relations with other groups.
=650  04$aRabari
=650  \4$aRural population
=650  \4$aSkirmishes
=650  \4$aSocial castes
=650  \4$aCultural identity
=650  \4$aTribal and national groups
=650  \4$aHerders
=700  1\$aJhala, Jayasinhji.$4aut
=700  1\$aJhala, Jayasinhji.$4drt
=700  0\$aʿĀlī.$4oth
=700  1\$aBai, Heera$4oth
=700  1\$aBhima$4oth
=700  1\$aHakka, Devji$4oth
=700  1\$aHussain$4oth
=700  1\$aKanu$4oth
=700  1\$aMayra$4oth
=700  1\$aRanchod$4oth
=773  0\$dWatertown, MA : Documentary Educational Resources (DER), 2002
=856  40$uhttp://www.aspresolver.com/aspresolver.asp?ANTH;764580$yAlexander Street Press Ethnographic Video Online
=859  \\$aORR$bAlexander Street Press
=883  0\$aLanguage codes assigned by Bayesian analysis of words present in record$d20201028$qUk$c0.9010
=985  \\$aUpgraded by BSS-generated file for WR2011-1472
=CAT  \\$aWR13_071$b00$c20130610$lBLL01$h1613
=CAT  \\$aBATCH$b00$c20130610$lBLL01$h1613
=CAT  \\$aBATCH-UPD$b00$c20130610$lBLL01$h1621
=CAT  \\$aWR16_088$c20160606$lBLL01$h1632
=CAT  \\$aBATCH-UPD$b00$c20160606$lBLL01$h1633
=CAT  \\$aW1610-0368$c20161006$lBLL01$h0938
=CAT  \\$aW1606-1753$c20171028$lBLL01$h1351
=CAT  \\$aW2011-1472$b00$c20201127$lBLL01$h1833
=FIN  \\$aY$d20130610
=LAS  \\$aW2011-1472$b00$c20201127$lBLL01$h1833

