=LDR  02431 gm a2200445uu 4500
=001  016427850
=003  Uk
=005  20201127183324.0
=008  100813s9999\\\\xx\|||\|||||||||||mleng\d
=FMT  \\$a  VM
=035  \\$aASP1784533/ant1
=245  00$aCompañeras
=260  \\$aNew York, NY$bFilmakers Library
=306  \\$a59 minutes
=490  0\$aEthnographic Video Online, Volume 1
=520  3\$aMusically stunning and emotionally compelling this film follows a group of Latina musicians as they break the gender barrier to perform mariachi music in America with passion and gusto. Long the purview of male musicians, the 12 member Mariachi Reyna de Los Angeles was the first all female mariachi band. Since their inception in 1994, other female groups have been formed who perform professionally, expanding the popularity of the music, which is an important part of their cultural heritage. Along with a brief history of mariachi music, the film interweaves portraits of the women who often find their personal lives conflict with their desire to be full-time musicians. The issues raised are universal to women everywhere: how to balance family life with career, how to achieve equal pay, and how to deal with emotional conflict. Companeras offers rich material for discussion as well as engaging performances!
=546  \\$aIn English
=650  04$aMexican-American
=650  \4$aSongs
=650  \4$aGender status
=650  \4$aWomen
=650  \4$aMusicians
=700  1\$aBuzzell, Matthew.$4pro
=700  1\$aMassie, Elizabeth.$4pro
=700  1\$aBuzzell, Matthew.$4drt
=700  1\$aMassie, Elizabeth.$4drt
=773  0\$dNew York, NY : Filmakers Library
=856  40$uhttp://www.aspresolver.com/aspresolver.asp?ANTH;1784533$yAlexander Street Press Ethnographic Video Online
=859  \\$aORR$bAlexander Street Press
=883  0\$aLanguage codes assigned by Bayesian analysis of words present in record$d20201028$qUk$c0.9010
=985  \\$aUpgraded by BSS-generated file for WR2011-1472
=CAT  \\$aWR13_071$b00$c20130610$lBLL01$h1613
=CAT  \\$aBATCH$b00$c20130610$lBLL01$h1613
=CAT  \\$aWR16_088$c20160606$lBLL01$h1632
=CAT  \\$aBATCH-UPD$b00$c20160606$lBLL01$h1633
=CAT  \\$aW1610-0368$c20161006$lBLL01$h0938
=CAT  \\$aW1606-1753$c20171028$lBLL01$h1351
=CAT  \\$aW2011-1472$b00$c20201127$lBLL01$h1833
=FIN  \\$aY$d20130610
=LAS  \\$aW2011-1472$b00$c20201127$lBLL01$h1833

