=LDR  01953 gm a2200433uu 4500
=001  016427851
=003  Uk
=005  20201127183324.0
=008  100813s1989\\\\xx\|||\|||||||||||mleng\d
=FMT  \\$a  VM
=035  \\$aASP1879885/ant1
=245  00$aThe Condor and the Bull
=260  \\$aLondon, UK$bRoyal Anthropological Institute$c1989
=306  \\$a59 minutes
=490  0\$aEthnographic Video Online, Volume 1
=505  00$aVillagers from remote hamlets high in the Andes join together with people from the roadside village of Ocongate for the Peruvian Independence Day celebration. Festivities require that a wild condor be captured and pitted against a bull during a bullfight in the town plaza. Through this event power relations are revealed between the villagers of Ocongate and the highlanders, and of both of them to the Peruvian state.
=546  \\$aIn English
=650  04$aPeruvian
=650  \4$aCultural identity
=650  \4$aBull fights
=650  \4$aWild animals
=650  \4$aHoliday celebrations
=700  1\$aGetzels, Peter.$4drt
=700  1\$aGordon, Harriet$4drt
=700  1\$aHarvey, Penny.$4drt
=773  0\$dLondon, UK : Royal Anthropological Institute, 1989
=856  40$uhttp://www.aspresolver.com/aspresolver.asp?ANTH;1879885$yAlexander Street Press Ethnographic Video Online
=859  \\$aORR$bAlexander Street Press
=883  0\$aLanguage codes assigned by Bayesian analysis of words present in record$d20201028$qUk$c0.9010
=985  \\$aUpgraded by BSS-generated file for WR2011-1472
=CAT  \\$aWR13_071$b00$c20130610$lBLL01$h1613
=CAT  \\$aBATCH$b00$c20130610$lBLL01$h1613
=CAT  \\$aWR16_088$c20160606$lBLL01$h1632
=CAT  \\$aBATCH-UPD$b00$c20160606$lBLL01$h1633
=CAT  \\$aW1610-0368$c20161006$lBLL01$h0938
=CAT  \\$aW1606-1753$c20171028$lBLL01$h1351
=CAT  \\$aW2011-1472$b00$c20201127$lBLL01$h1833
=FIN  \\$aY$d20130610
=LAS  \\$aW2011-1472$b00$c20201127$lBLL01$h1833

