=LDR  02155 gm a2200505uu 4500
=001  016427852
=003  Uk
=005  20201127183324.0
=008  100813s1992\\\\xx\|||\|||||||||||mleng\d
=FMT  \\$a  VM
=035  \\$aASP764698/ant1
=245  00$aConflicts in the Amazon: Free-for-all in Sararé
=260  \\$aWatertown, MA$bDocumentary Educational Resources (DER)$c1992
=306  \\$a26 minutes
=490  0\$aEthnographic Video Online, Volume 1
=505  00$aMore than six thousand gold and mineral prospectors have invaded the Nambiquara reserve of Sararé, Brazil, while loggers raid the area's mahogany rich forests. Only pressure from the World Bank, with whom the government of Mato Grosso is negotiating a loan, promises to bring an end to the gross environmental degradation.
=546  \\$aIn Portuguese, Subtitles in English
=650  04$aNambiquara
=650  04$aBrazilian
=650  \4$aCultural change and history
=650  \4$aEnvironment
=650  \4$aRivers
=650  \4$aLogging
=650  \4$aGold mining
=650  \4$aTribal and national groups
=700  1\$aCarelli, Vincent.$4aut
=700  1\$aLongobardi, Maurizio$4aut
=700  1\$aValadão, Virginia.$4aut
=700  1\$aCarelli, Vincent.$4drt
=700  1\$aLongobardi, Maurizio$4drt
=700  1\$aValadão, Virginia.$4drt
=773  0\$dWatertown, MA : Documentary Educational Resources (DER), 1992
=856  40$uhttp://www.aspresolver.com/aspresolver.asp?ANTH;764698$yAlexander Street Press Ethnographic Video Online
=859  \\$aORR$bAlexander Street Press
=883  0\$aLanguage codes assigned by Bayesian analysis of words present in record$d20201028$qUk$c0.9010
=985  \\$aUpgraded by BSS-generated file for WR2011-1472
=CAT  \\$aWR13_071$b00$c20130610$lBLL01$h1613
=CAT  \\$aBATCH$b00$c20130610$lBLL01$h1613
=CAT  \\$aWR16_088$c20160606$lBLL01$h1632
=CAT  \\$aBATCH-UPD$b00$c20160606$lBLL01$h1633
=CAT  \\$aW1610-0368$c20161006$lBLL01$h0938
=CAT  \\$aW1606-1753$c20171028$lBLL01$h1351
=CAT  \\$aW2011-1472$b00$c20201127$lBLL01$h1833
=FIN  \\$aY$d20130610
=LAS  \\$aW2011-1472$b00$c20201127$lBLL01$h1833

