=LDR  02120 gm a2200493uu 4500
=001  016427853
=003  Uk
=005  20201127183324.0
=008  100813s1998\\\\xx\|||\|||||||||||mleng\d
=FMT  \\$a  VM
=035  \\$aASP764824/ant1
=245  00$aConflicts in the Amazon: It's Now or Never! Twenty Years of Struggles
=260  \\$aWatertown, MA$bDocumentary Educational Resources (DER)$c1998
=306  \\$a31 minutes
=490  0\$aEthnographic Video Online, Volume 1
=505  00$aIn April 1997, the Makuxi Indians of North Roraima commemorate their struggle to have their land holdings recognized by the Brazilian government. Through testimonials, skits and animation, they re-create a history of forced labor and exploitation at the hands of whites.
=546  \\$aIn Portuguese, Subtitles in English
=650  04$aMakuxi
=650  \4$aCultural assimilation
=650  \4$aProperty rights
=650  \4$aMining industry
=650  \4$aTribal and national groups
=650  \4$aCultural change and history
=700  1\$aCarelli, Vincent.$4aut
=700  1\$aCorrêa, Mari.$4aut
=700  1\$aCarelli, Vincent.$4drt
=700  1\$aDa Silva, Rosilda$4oth
=700  1\$aPerreira, Orlando$4oth
=700  1\$aSeverino$4oth
=773  0\$dWatertown, MA : Documentary Educational Resources (DER), 1998
=856  40$uhttp://www.aspresolver.com/aspresolver.asp?ANTH;764824$yAlexander Street Press Ethnographic Video Online
=859  \\$aORR$bAlexander Street Press
=883  0\$aLanguage codes assigned by Bayesian analysis of words present in record$d20201028$qUk$c0.9010
=985  \\$aUpgraded by BSS-generated file for WR2011-1472
=CAT  \\$aWR13_071$b00$c20130610$lBLL01$h1613
=CAT  \\$aBATCH$b00$c20130610$lBLL01$h1613
=CAT  \\$aWR16_088$c20160606$lBLL01$h1632
=CAT  \\$aBATCH-UPD$b00$c20160606$lBLL01$h1633
=CAT  \\$aW1610-0368$c20161006$lBLL01$h0938
=CAT  \\$aW1606-1753$c20171028$lBLL01$h1351
=CAT  \\$aBATCH-UPD$b00$c20180517$lBLL01$h2051
=CAT  \\$aW2011-1472$b00$c20201127$lBLL01$h1833
=FIN  \\$aY$d20130610
=LAS  \\$aW2011-1472$b00$c20201127$lBLL01$h1833

