=LDR  01697 gm a2200409uu 4500
=001  016427854
=003  Uk
=005  20201127183324.0
=008  100813s1997\\\\xx\|||\|||||||||||mleng\d
=FMT  \\$a  VM
=035  \\$aASP1796756/ant1
=245  00$aConflicts Over Water
=260  \\$aOslo, Norway$bNordic World$c1997
=306  \\$a49 minutes
=490  0\$aEthnographic Video Online, Volume 1
=520  3\$aTells the dramatic story of how the struggle for fresh water has shaped human society to a remarkable extent, bringing the viewer to about 20 countries all over the world and showing in fascinating variety how people have coped with what is societies' lifeblood -- water.
=546  \\$aIn English
=650  \4$aEnvironment
=650  \4$aSocial conflict
=650  \4$aWater supply
=700  1\$aDale, Terje.$4pro
=700  1\$aDale, Terje.$4drt
=700  1\$aTvedt, Terje.$4nrt
=773  0\$dOslo, Norway : Nordic World, 1997
=856  40$uhttp://www.aspresolver.com/aspresolver.asp?ANTH;1796756$yAlexander Street Press Ethnographic Video Online
=859  \\$aORR$bAlexander Street Press
=883  0\$aLanguage codes assigned by Bayesian analysis of words present in record$d20201028$qUk$c0.9010
=985  \\$aUpgraded by BSS-generated file for WR2011-1472
=CAT  \\$aWR13_071$b00$c20130610$lBLL01$h1613
=CAT  \\$aBATCH$b00$c20130610$lBLL01$h1613
=CAT  \\$aWR16_088$c20160606$lBLL01$h1632
=CAT  \\$aBATCH-UPD$b00$c20160606$lBLL01$h1633
=CAT  \\$aW1610-0368$c20161006$lBLL01$h0938
=CAT  \\$aW1606-1753$c20171028$lBLL01$h1351
=CAT  \\$aW2011-1472$b00$c20201127$lBLL01$h1833
=FIN  \\$aY$d20130610
=LAS  \\$aW2011-1472$b00$c20201127$lBLL01$h1833

