=LDR  02819 gm a2200469uu 4500
=001  016427856
=003  Uk
=005  20201127183324.0
=008  100813s9999\\\\xx\|||\|||||||||||mleng\d
=FMT  \\$a  VM
=035  \\$aASP1689328/ant1
=245  00$aContact: The Yanomami Indians of Brazil
=260  \\$aNew York, NY$bFilmakers Library
=306  \\$a28 minutes
=490  0\$aEthnographic Video Online, Volume 1
=505  00$aThis documentary, shot in one of the most remote corners of the Brazilian Amazon, graphically depicts the devastating impact of contact with the outside world on an isolated indigenous tribe, the Yanomami Indians. They are considered to be the last major Stone Age people in the Amazon. Since 1987, as the result of the incursion of Brazilian gold miners, an estimated fifteen percent of the Yanomami Indians have died from malaria and related diseases to which they have little resistance. Further, the mining operations have polluted rivers and scared away game animals thereby destroying the Yanomami's traditional ecosystem. Although the Brazilian government is ostensibly trying to protect the Indians, such efforts are undermined by the fact that their mineral-rich ancestral land is coveted by mining interests. This frontier section of the Brazilian Amazon is labeled a national security zone and off limits to all unauthorized persons, including anthropologists. Producer Geoffrey O'Connor was smuggled into Yanomami territory so that he could record the plight of these endangered peoples. A closed captioned version is available on vhs only. Please specify when ordering.
=546  \\$aIn English
=650  04$aYanomamö
=650  \4$aPhysical illnesses
=650  \4$aCultural assimilation
=650  \4$aPollution
=650  \4$aGold mining
=650  \4$aTribal and national groups
=700  1\$aO'Connor, Geoffrey.$4pro
=700  1\$aAlbert, Bruce.$4aut
=700  1\$aO'Connor, Geoffrey.$4aut
=700  1\$aSchieder, Roy$4nrt
=700  1\$aAlbert, Bruce.$4ctb
=773  0\$dNew York, NY : Filmakers Library
=856  40$uhttp://www.aspresolver.com/aspresolver.asp?ANTH;1689328$yAlexander Street Press Ethnographic Video Online
=859  \\$aORR$bAlexander Street Press
=883  0\$aLanguage codes assigned by Bayesian analysis of words present in record$d20201028$qUk$c0.9010
=985  \\$aUpgraded by BSS-generated file for WR2011-1472
=CAT  \\$aWR13_071$b00$c20130610$lBLL01$h1613
=CAT  \\$aBATCH$b00$c20130610$lBLL01$h1613
=CAT  \\$aWR16_088$c20160606$lBLL01$h1632
=CAT  \\$aBATCH-UPD$b00$c20160606$lBLL01$h1633
=CAT  \\$aW1610-0368$c20161006$lBLL01$h0938
=CAT  \\$aW1606-1753$c20171028$lBLL01$h1351
=CAT  \\$aW2011-1472$b00$c20201127$lBLL01$h1833
=FIN  \\$aY$d20130610
=LAS  \\$aW2011-1472$b00$c20201127$lBLL01$h1833

