=LDR  02049 gm a2200493uu 4500
=001  016427858
=003  Uk
=005  20201127183324.0
=008  100813s2004\\\\xx\|||\|||||||||||mleng\d
=FMT  \\$a  VM
=035  \\$aASP764584/ant1
=245  00$aConversations with Jean Rouch
=260  \\$aWatertown, MA$bDocumentary Educational Resources (DER)$c2004
=306  \\$a36 minutes
=490  0\$aEthnographic Video Online, Volume 1
=505  00$aRecorded in 1978
=520  3\$aThis intimate, revealing film of conversations between Jean Rouch and a number of filmmakers and friends including John Marshall is unlike any past films on Rouch's life and work. It was shot over a two-year period, 1978-80 by his friend, Ann McIntosh, who taught video under Ricky Leacock at MIT.
=546  \\$aIn English
=600  14$aRouch, Jean.
=650  \4$aCultural change and history
=650  \4$aAnthropology
=650  \4$aMemories
=650  \4$aBiographies
=650  \4$aFilms and filmmaking careers
=650  \4$aFilmmaking
=700  1\$aMcIntosh, Ann.$4pro
=700  1\$aMcIntosh, Ann.$4aut
=700  1\$aMcIntosh, Ann.$4drt
=700  1\$aRouch, Jean.$4oth
=773  0\$dWatertown, MA : Documentary Educational Resources (DER), 2004
=856  40$uhttp://www.aspresolver.com/aspresolver.asp?ANTH;764584$yAlexander Street Press Ethnographic Video Online
=859  \\$aORR$bAlexander Street Press
=883  0\$aLanguage codes assigned by Bayesian analysis of words present in record$d20201028$qUk$c0.9010
=985  \\$aUpgraded by BSS-generated file for WR2011-1472
=CAT  \\$aWR13_071$b00$c20130610$lBLL01$h1613
=CAT  \\$aBATCH$b00$c20130610$lBLL01$h1613
=CAT  \\$aBATCH-UPD$b00$c20130610$lBLL01$h1615
=CAT  \\$aWR16_088$c20160606$lBLL01$h1632
=CAT  \\$aBATCH-UPD$b00$c20160606$lBLL01$h1633
=CAT  \\$aW1610-0368$c20161006$lBLL01$h0938
=CAT  \\$aW1606-1753$c20171028$lBLL01$h1352
=CAT  \\$aW2011-1472$b00$c20201127$lBLL01$h1833
=FIN  \\$aY$d20130610
=LAS  \\$aW2011-1472$b00$c20201127$lBLL01$h1833

