=LDR  02675 gm a2200445uu 4500
=001  016427859
=003  Uk
=005  20201127183324.0
=008  100813s9999\\\\xx\|||\|||||||||||mleng\d
=FMT  \\$a  VM
=035  \\$aASP1879771/ant1
=245  00$aConversations with the Sierra Popolu, Part 1
=260  \\$aNew York, NY$bFilmakers Library
=306  \\$a57 minutes
=490  0\$aEthnographic Video Online, Volume 1
=505  00$aThis is an innovative, intimate portrait of stalwart members of an indigenous people who inhabit Mexico's Sierra de Santa Marta and speak a derivative of ancient Olmec. For convenient classroom use, eight episodes, focused on various aspects of their culture, have been divided into Parts I and II -- available separately.Part I begins with recollections of an outlawed carnival celebration intercut with old women performing "Dance of the Tiger" in honor of the corn god. Episode two: younger women collaborate, guided by Santana, in making a fuel-saving clay stove. Episode three moves to Apolinar¹s clinic for a group-cleansing, followed by his recital of a chant to restore a soul stolen by wiley spirits called chanecos. In section four, Santana recounts her life-story.Part II begins with Don Tomas pouring libations to the rain god. Episode six find us in a polygamous household. Episode seven dramatizes the popular story of Homshuk, the corn god, as Gabriel and his second wife labor in the fields. To conclude, the Arizmendi brothers revive ballads of the Sierra on homemade instruments.
=546  \\$aIn Spanish, Subtitles in English
=650  04$aOlmec
=650  \4$aDomestic life
=650  \4$aSpirituality
=650  \4$aTribal and national groups
=650  \4$aCultural identity
=650  \4$aIndian villages
=650  \4$aAmerican Indians
=700  1\$aGleason, Judith.$4pro
=700  1\$aGleason, Judith.$4drt
=773  0\$dNew York, NY : Filmakers Library
=856  40$uhttp://www.aspresolver.com/aspresolver.asp?ANTH;1879771$yAlexander Street Press Ethnographic Video Online
=859  \\$aORR$bAlexander Street Press
=883  0\$aLanguage codes assigned by Bayesian analysis of words present in record$d20201028$qUk$c0.9010
=985  \\$aUpgraded by BSS-generated file for WR2011-1472
=CAT  \\$aWR13_071$b00$c20130610$lBLL01$h1613
=CAT  \\$aBATCH$b00$c20130610$lBLL01$h1613
=CAT  \\$aWR16_088$c20160606$lBLL01$h1632
=CAT  \\$aBATCH-UPD$b00$c20160606$lBLL01$h1633
=CAT  \\$aW1610-0368$c20161006$lBLL01$h0938
=CAT  \\$aW1606-1753$c20171028$lBLL01$h1352
=CAT  \\$aW2011-1472$b00$c20201127$lBLL01$h1833
=FIN  \\$aY$d20130610
=LAS  \\$aW2011-1472$b00$c20201127$lBLL01$h1833

