=LDR  01728 gm a2200397uu 4500
=001  016427860
=003  Uk
=005  20201127183324.0
=008  100813s9999\\\\xx\|||\|||||||||||mleng\d
=FMT  \\$a  VM
=035  \\$aASP1779526/ant1
=245  00$aCosta Rica
=260  \\$aCopenhagen, Denmark$bDanish Broadcasting Corporation
=306  \\$a28 minutes
=490  0\$aEthnographic Video Online, Volume 1
=505  00$aCosta Rica is one of the forerunners in defending the environment: 28% of its territory is pro-tected in the form of parks and natural reserves. On this journey we meet some of the many animals that inhabit this country's forests: cebus and capuchin monkeys, snakes, racoons and crocodiles.
=546  \\$aIn English
=650  \4$aAnimals
=650  \4$aGeographical features
=650  \4$aEnvironment
=700  1\$aDemichelis, Davide.$4aut
=700  1\$aDemichelis, Davide.$4drt
=773  0\$dCopenhagen, Denmark : Danish Broadcasting Corporation
=856  40$uhttp://www.aspresolver.com/aspresolver.asp?ANTH;1779526$yAlexander Street Press Ethnographic Video Online
=859  \\$aORR$bAlexander Street Press
=883  0\$aLanguage codes assigned by Bayesian analysis of words present in record$d20201028$qUk$c0.9010
=985  \\$aUpgraded by BSS-generated file for WR2011-1472
=CAT  \\$aWR13_071$b00$c20130610$lBLL01$h1613
=CAT  \\$aBATCH$b00$c20130610$lBLL01$h1613
=CAT  \\$aWR16_088$c20160606$lBLL01$h1632
=CAT  \\$aBATCH-UPD$b00$c20160606$lBLL01$h1633
=CAT  \\$aW1610-0368$c20161006$lBLL01$h0938
=CAT  \\$aW1606-1753$c20171028$lBLL01$h1352
=CAT  \\$aW2011-1472$b00$c20201127$lBLL01$h1833
=FIN  \\$aY$d20130610
=LAS  \\$aW2011-1472$b00$c20201127$lBLL01$h1833

