=LDR  02333 gm a2200397uu 4500
=001  016427861
=003  Uk
=005  20201127183324.0
=008  100813s2011\\\\xx\|||\|||||||||||mleng\d
=FMT  \\$a  VM
=035  \\$aASP1870885/ant1
=245  00$aCounterpoint Botswana
=260  \\$aLondon, UK$bRoyal Anthropological Institute$c2011
=306  \\$a45 minutes
=490  0\$aEthnographic Video Online, Volume 1
=505  00$aSeeing Holy Hustler, the 2009 film made in Botswana, local viewers respond and discuss it with the filmmaker Richard Werbner in 2011.Counterpoint Botswana captures the reception by home audience. Widely shared are moments evoking laughter, shock and remarkably intense, thoughtful reflection. Holy Hustlers is moving, local viewers agree. But while welcoming that - it is seen to be a documentary that appeals to people in Botswana - they disagree, when asked about the reasons for their responses; and they argue about characters, scenes and the very nature of representation in Holy Hustlers.The screenings elicit contradictory interpretations. These are expressed by some subjects of the film, by University of Botswana staff, students and the invited public, and by activists of two youth organisations, YOHO (Youth Health Organisation) and YIAS (Youth in Action Society).
=546  \\$aIn English, Subtitles in English
=650  04$aBotswanan
=650  \4$aFaith healing
=650  \4$aAlternative medicine
=650  \4$aReligious rites and ceremonies
=700  1\$aWerbner, Richard$4drt
=700  1\$aJakoba, Boitshepelo$4oth
=773  0\$dLondon, UK : Royal Anthropological Institute, 2011
=856  40$uhttp://www.aspresolver.com/aspresolver.asp?ANTH;1870885$yAlexander Street Press Ethnographic Video Online
=859  \\$aORR$bAlexander Street Press
=883  0\$aLanguage codes assigned by Bayesian analysis of words present in record$d20201028$qUk$c0.9010
=985  \\$aUpgraded by BSS-generated file for WR2011-1472
=CAT  \\$aWR13_071$b00$c20130610$lBLL01$h1613
=CAT  \\$aBATCH$b00$c20130610$lBLL01$h1613
=CAT  \\$aWR16_088$c20160606$lBLL01$h1632
=CAT  \\$aW1610-0368$c20161006$lBLL01$h0938
=CAT  \\$aW1606-1753$c20171028$lBLL01$h1352
=CAT  \\$aW2011-1472$b00$c20201127$lBLL01$h1833
=FIN  \\$aY$d20130610
=LAS  \\$aW2011-1472$b00$c20201127$lBLL01$h1833

