=LDR  01492 gm a2200409uu 4500
=001  016427863
=003  Uk
=005  20201127183324.0
=008  100813s9999\\\\xx\|||\|||||||||||mleng\d
=FMT  \\$a  VM
=035  \\$aASP1779529/ant1
=245  00$aCounterpoint Two
=260  \\$aManchester, England$bInternational Centre for Contemporary Cultural Research
=306  \\$a44 minutes
=490  0\$aEthnographic Video Online, Volume 1
=505  00$aIn English
=650  04$aBatswana
=650  \4$aAnthropology
=650  \4$aFilmmaking
=650  \4$aEthnographic methodology
=650  \4$aFilms
=650  \4$aPerformance Criticism
=650  \4$aClasses
=700  1\$aWerbner, Richard$4drt
=773  0\$dManchester, England : International Centre for Contemporary Cultural Research
=856  40$uhttp://www.aspresolver.com/aspresolver.asp?ANTH;1779529$yAlexander Street Press Ethnographic Video Online
=859  \\$aORR$bAlexander Street Press
=883  0\$aLanguage codes assigned by Bayesian analysis of words present in record$d20201028$qUk$c0.9010
=985  \\$aUpgraded by BSS-generated file for WR2011-1472
=CAT  \\$aWR13_071$b00$c20130610$lBLL01$h1613
=CAT  \\$aBATCH$b00$c20130610$lBLL01$h1613
=CAT  \\$aWR16_088$c20160606$lBLL01$h1632
=CAT  \\$aW1610-0368$c20161006$lBLL01$h0938
=CAT  \\$aW1606-1753$c20171028$lBLL01$h1352
=CAT  \\$aW2011-1472$b00$c20201127$lBLL01$h1833
=FIN  \\$aY$d20130610
=LAS  \\$aW2011-1472$b00$c20201127$lBLL01$h1833

