=LDR  02065 gm a2200505uu 4500
=001  016427865
=003  Uk
=005  20201127183324.0
=008  100813s1991\\\\xx\|||\|||||||||||mleng\d
=FMT  \\$a  VM
=035  \\$aASP764588/ant1
=245  00$aCowboy & Maria in Town
=260  \\$aWatertown, MA$bDocumentary Educational Resources (DER)$c1991
=306  \\$a59 minutes
=490  0\$aEthnographic Video Online, Volume 1
=505  00$aAttracted by the myths of town life and the chance of work, people from villages all over Papua New Guinea have come to the towns. Cowboy and Maria in Town tells the story of two such migrants living in the settlements that surround the capital, Port Moresby.
=546  \\$aIn Tok Pisin, English, Subtitles in English
=650  04$aPapua New Guinean
=650  \4$aUnemployment
=650  \4$aEconomic conditions
=650  \4$aSettlements
=650  \4$aCultural change and history
=650  \4$aMigration
=700  1\$aMcLaren, Les.$4pro
=700  1\$aMcLaren, Les.$4aut
=700  1\$aStiven, Annie.$4aut
=700  1\$aMcLaren, Les.$4drt
=700  1\$aStiven, Annie.$4drt
=700  1\$aCowboy$4oth
=700  0\$aMaria.$4oth
=773  0\$dWatertown, MA : Documentary Educational Resources (DER), 1991
=856  40$uhttp://www.aspresolver.com/aspresolver.asp?ANTH;764588$yAlexander Street Press Ethnographic Video Online
=859  \\$aORR$bAlexander Street Press
=883  0\$aLanguage codes assigned by Bayesian analysis of words present in record$d20201028$qUk$c0.9010
=985  \\$aUpgraded by BSS-generated file for WR2011-1472
=CAT  \\$aWR13_071$b00$c20130610$lBLL01$h1613
=CAT  \\$aBATCH$b00$c20130610$lBLL01$h1613
=CAT  \\$aBATCH-UPD$b00$c20130610$lBLL01$h1615
=CAT  \\$aBATCH-UPD$b00$c20150108$lBLL01$h0026
=CAT  \\$aWR16_088$c20160606$lBLL01$h1632
=CAT  \\$aW1610-0368$c20161006$lBLL01$h0938
=CAT  \\$aW1606-1753$c20171028$lBLL01$h1352
=CAT  \\$aW2011-1472$b00$c20201127$lBLL01$h1833
=FIN  \\$aY$d20130610
=LAS  \\$aW2011-1472$b00$c20201127$lBLL01$h1833

