=LDR  02133 gm a2200517uu 4500
=001  016427867
=003  Uk
=005  20201127183324.0
=008  100813s1974\\\\xx\|||\|||||||||||mleng\d
=FMT  \\$a  VM
=035  \\$aASP764590/ant1
=245  00$aCree Hunters of Mistassini
=260  \\$aWatertown, MA$bDocumentary Educational Resources (DER)$c1974
=306  \\$a58 minutes
=490  0\$aEthnographic Video Online, Volume 1
=505  00$aFor thousands of years, the Cree Indians of James Bay inhabited the northern Quebec forests - originally gathering wild rice, and later hunting, fishing, and trapping. Traditionally, small groups of families spent the winter months together in the bush, subsisting on moose, beaver, deer, wild geese and caribou.
=546  \\$aIn English
=650  04$aCree
=650  \4$aCultural identity
=650  \4$aDivision of labor
=650  \4$aCultural change and history
=650  \4$aTrapping
=650  \4$aHunting
=650  \4$aAmerican Indian communities
=700  1\$aChatwin, Len$4pro
=700  1\$aRichardson, Boyce.$4aut
=700  1\$aIanzelo, Tony.$4drt
=700  1\$aRichardson, Boyce.$4drt
=700  1\$aBlacksmith, Sam$4oth
=700  1\$aJolly, Ronnie$4oth
=700  1\$aVoyageur, Abraham$4oth
=700  1\$aRichardson, Boyce.$4nrt
=773  0\$dWatertown, MA : Documentary Educational Resources (DER), 1974
=856  40$uhttp://www.aspresolver.com/aspresolver.asp?ANTH;764590$yAlexander Street Press Ethnographic Video Online
=859  \\$aORR$bAlexander Street Press
=883  0\$aLanguage codes assigned by Bayesian analysis of words present in record$d20201028$qUk$c0.9010
=985  \\$aUpgraded by BSS-generated file for WR2011-1472
=CAT  \\$aWR13_071$b00$c20130610$lBLL01$h1613
=CAT  \\$aBATCH$b00$c20130610$lBLL01$h1613
=CAT  \\$aWR16_088$c20160606$lBLL01$h1632
=CAT  \\$aBATCH-UPD$b00$c20160606$lBLL01$h1633
=CAT  \\$aW1610-0368$c20161006$lBLL01$h0938
=CAT  \\$aW1606-1753$c20171028$lBLL01$h1352
=CAT  \\$aW2011-1472$b00$c20201127$lBLL01$h1833
=FIN  \\$aY$d20130610
=LAS  \\$aW2011-1472$b00$c20201127$lBLL01$h1833

