=LDR  01879 gm a2200481uu 4500
=001  016427870
=003  Uk
=005  20201127183324.0
=008  100813s2004\\\\xx\|||\|||||||||||mleng\d
=FMT  \\$a  VM
=035  \\$aASP765030/ant1
=245  00$aThe Crocodile River
=260  \\$aWatertown, MA$bDocumentary Educational Resources (DER)$c2004
=306  \\$a56 minutes
=490  0\$aEthnographic Video Online, Volume 1
=505  00$aThe Crocodile River explores how crossing international borders and emotional boundaries enables two people of vastly different cultures - one American and one African - to find common ground
=546  \\$aIn English
=650  04$aZimbabwean
=650  04$aAmerican
=650  \4$aIntercultural communication
=650  \4$aCultural identity
=650  \4$aTravel
=650  \4$aRiver trips
=650  \4$aCanoes and kayaks
=700  1\$aPerkins, Robert.$4pro
=700  1\$aPerkins, Robert.$4aut
=700  1\$aPerkins, Robert.$4drt
=700  1\$aLunga, Bonus$4oth
=700  1\$aPerkins, Robert.$4oth
=773  0\$dWatertown, MA : Documentary Educational Resources (DER), 2004
=856  40$uhttp://www.aspresolver.com/aspresolver.asp?ANTH;765030$yAlexander Street Press Ethnographic Video Online
=859  \\$aORR$bAlexander Street Press
=883  0\$aLanguage codes assigned by Bayesian analysis of words present in record$d20201028$qUk$c0.9010
=985  \\$aUpgraded by BSS-generated file for WR2011-1472
=CAT  \\$aWR13_071$b00$c20130610$lBLL01$h1613
=CAT  \\$aBATCH$b00$c20130610$lBLL01$h1613
=CAT  \\$aWR16_088$c20160606$lBLL01$h1632
=CAT  \\$aBATCH-UPD$b00$c20160606$lBLL01$h1633
=CAT  \\$aW1610-0368$c20161006$lBLL01$h0938
=CAT  \\$aW1606-1753$c20171028$lBLL01$h1352
=CAT  \\$aW2011-1472$b00$c20201127$lBLL01$h1833
=FIN  \\$aY$d20130610
=LAS  \\$aW2011-1472$b00$c20201127$lBLL01$h1833

