=LDR  03097 gm a2200529uu 4500
=001  016427871
=003  Uk
=005  20201127183324.0
=008  100813s9999\\\\xx\|||\|||||||||||mleng\d
=FMT  \\$a  VM
=035  \\$aASP1689411/ant1
=245  00$aThe Cross and the Bodhi Tree: Two Christian Encounters With Buddhism
=260  \\$aNew York, NY$bFilmakers Library
=306  \\$a43 minutes
=490  0\$aEthnographic Video Online, Volume 1
=505  00$aThis fascinating film is about two unique individuals, a French Catholic priest and an English Protestant nun and the powerful influence of Buddhism on both of them. Father Francois Ponchaud, a published author, writes on Cambodian politics and history and speaks fluent Khmer with Cambodian villagers. Mother Rosemary leads a life of silence and prayer in a convent in Oxford. Yet both the active missionary priest and the contemplative Mother Superior practice Buddhist meditation. For Father Ponchaud, who lost nearly all his students in the Cambodian "killing fields," meditation sustains him in the face of tragedy, as well as in everyday life. For Mother Rosemary, this meditation lent support to her life of prayer when "prayer seemed to go dead." In the era of globalization, when human ventures and ideas are being thrown together an unprecedented rate, Father Ponchaud and Mother Rosemary point a way forward both for institutional religions and for seekers of truth outside the confines of convention. They shed light on the character of Jesus Christ, the path of the Buddha and the call to holiness. They demonstrate that it is possible to retain deep roots in one tradition while being profoundly enriched by another.
=546  \\$aIn English
=650  04$aCambodian
=650  \4$aSpirituality
=650  \4$aPrayer and meditation
=650  \4$aBuddhism
=650  \4$aChristianity
=650  \4$aReligion
=700  1\$aChanner, Alan.$4pro
=700  1\$aChanner, David.$4pro
=700  1\$aDavis, Clare Gartrell.$4pro
=700  1\$aChanner, Alan.$4aut
=700  1\$aChanner, Alan.$4drt
=700  1\$aPonchaud, François,$cFather,$d1939-$4oth
=700  1\$aRosemary$4oth
=700  1\$aNowlan, Denis$4nrt
=773  0\$dNew York, NY : Filmakers Library
=856  40$uhttp://www.aspresolver.com/aspresolver.asp?ANTH;1689411$yAlexander Street Press Ethnographic Video Online
=859  \\$aORR$bAlexander Street Press
=883  0\$aLanguage codes assigned by Bayesian analysis of words present in record$d20201028$qUk$c0.9010
=985  \\$aUpgraded by BSS-generated file for WR2011-1472
=CAT  \\$aWR13_071$b00$c20130610$lBLL01$h1613
=CAT  \\$aBATCH$b00$c20130610$lBLL01$h1613
=CAT  \\$aBATCH-UPD$b00$c20150111$lBLL01$h2045
=CAT  \\$aWR16_088$c20160606$lBLL01$h1632
=CAT  \\$aBATCH-UPD$b00$c20160606$lBLL01$h1633
=CAT  \\$aW1610-0368$c20161006$lBLL01$h0938
=CAT  \\$aW1606-1753$c20171028$lBLL01$h1352
=CAT  \\$a10804$b40$c20181018$lBLL01$h1538
=CAT  \\$aW2011-1472$b00$c20201127$lBLL01$h1833
=FIN  \\$aY$d20130610
=LAS  \\$aW2011-1472$b00$c20201127$lBLL01$h1833

