=LDR  01584 gm a2200421uu 4500
=001  016427872
=003  Uk
=005  20201127183324.0
=008  100813s9999\\\\xx\|||\|||||||||||mleng\d
=FMT  \\$a  VM
=035  \\$aASP1689467/ant1
=245  00$aThe Cross and the Crossroads
=260  \\$aBrazil$bPrivately Published
=306  \\$a30 minutes
=490  0\$aEthnographic Video Online, Volume 1
=505  00$aDocumentary about Candomblé, an Afro-Brazilian religion, as practiced in Bahia, Brazil.
=546  \\$aIn English, Portuguese, Subtitles in English
=650  04$aBrazilian
=650  \4$aReligious faiths
=650  \4$aReligious beliefs
=650  \4$aReligion
=700  1\$aBrazeal, Brian.$4pro
=700  1\$aBrazeal, Brian.$4aut
=700  1\$aBrazeal, Brian.$4drt
=773  0\$dBrazil : Privately Published
=856  40$uhttp://www.aspresolver.com/aspresolver.asp?ANTH;1689467$yAlexander Street Press Ethnographic Video Online
=859  \\$aORR$bAlexander Street Press
=883  0\$aLanguage codes assigned by Bayesian analysis of words present in record$d20201028$qUk$c0.9010
=985  \\$aUpgraded by BSS-generated file for WR2011-1472
=CAT  \\$aWR13_071$b00$c20130610$lBLL01$h1613
=CAT  \\$aBATCH$b00$c20130610$lBLL01$h1613
=CAT  \\$aWR16_088$c20160606$lBLL01$h1632
=CAT  \\$aBATCH-UPD$b00$c20160606$lBLL01$h1633
=CAT  \\$aW1610-0368$c20161006$lBLL01$h0938
=CAT  \\$aW1606-1753$c20171028$lBLL01$h1352
=CAT  \\$aW2011-1472$b00$c20201127$lBLL01$h1833
=FIN  \\$aY$d20130610
=LAS  \\$aW2011-1472$b00$c20201127$lBLL01$h1833

