=LDR  02016 gm a2200505uu 4500
=001  016427873
=003  Uk
=005  20201127183324.0
=008  100813s2007\\\\xx\|||\|||||||||||mleng\d
=FMT  \\$a  VM
=035  \\$aASP764592/ant1
=245  00$aCubanos, Life and Death of a Revolution
=260  \\$aWatertown, MA$bDocumentary Educational Resources (DER)$c2007
=306  \\$a86 minutes
=490  0\$aEthnographic Video Online, Volume 1
=505  00$aCubanos draws an impressionist portrait of the international Cuban community, whose identity has been fragmented by 48 years of dictatorship, as it struggles to leave the 20th century behind.
=546  \\$aIn Spanish, Subtitles in English
=650  04$aCuban
=650  \4$aEconomic conditions
=650  \4$aCommunism
=650  \4$aRevolutions
=650  \4$aCultural change and history
=650  \4$aImmigrant populations
=650  \4$aCultural identity
=700  1\$aCouture, Jerome.$4pro
=700  1\$aGiroux, Yan.$4aut
=700  1\$aGiroux, Yan.$4drt
=700  1\$aLeiva, Adrian$4oth
=700  1\$aRamos, Sílvia.$4oth
=700  1\$ade Fana, Angel$4oth
=773  0\$dWatertown, MA : Documentary Educational Resources (DER), 2007
=856  40$uhttp://www.aspresolver.com/aspresolver.asp?ANTH;764592$yAlexander Street Press Ethnographic Video Online
=859  \\$aORR$bAlexander Street Press
=883  0\$aLanguage codes assigned by Bayesian analysis of words present in record$d20201028$qUk$c0.9010
=985  \\$aUpgraded by BSS-generated file for WR2011-1472
=CAT  \\$aWR13_071$b00$c20130610$lBLL01$h1613
=CAT  \\$aBATCH$b00$c20130610$lBLL01$h1613
=CAT  \\$aWR16_088$c20160606$lBLL01$h1632
=CAT  \\$aBATCH-UPD$b00$c20160606$lBLL01$h1633
=CAT  \\$aW1610-0368$c20161006$lBLL01$h0938
=CAT  \\$aW1606-1753$c20171028$lBLL01$h1352
=CAT  \\$aBATCH-UPD$b00$c20190718$lBLL01$h2043
=CAT  \\$aW2011-1472$b00$c20201127$lBLL01$h1833
=FIN  \\$aY$d20130610
=LAS  \\$aW2011-1472$b00$c20201127$lBLL01$h1833

