=LDR  02025 gm a2200481uu 4500
=001  016427874
=003  Uk
=005  20201127183324.0
=008  100813s1984\\\\xx\|||\|||||||||||mleng\d
=FMT  \\$a  VM
=035  \\$aASP765354/ant1
=245  00$aThe Cumana Devil (El Diablo De Cumaná)
=260  \\$aWatertown, MA$bDocumentary Educational Resources (DER)$c1984
=306  \\$a26 minutes
=490  0\$aEthnographic Video Online, Volume 1
=505  00$aLuis del Valle Hurtado regularly transforms himself into a drumming, dancing "black satan" in a festival fusion of Indian, Spanish, and African symbols in his hometown of Cumana, Venezuela. Donning the dark garb of the devil, his particular satan is based on the popular image of St. Michael killing Lucifer.
=546  \\$aIn English, Spanish
=650  04$aVenezuelan
=650  \4$aEvil
=650  \4$aCatholicism
=650  \4$aDance
=650  \4$aCultural change and history
=650  \4$aReligious practices
=650  \4$aCostumes
=700  1\$aDickinson, John.$4pro
=700  1\$aDickinson, John.$4aut
=700  1\$aDickinson, John.$4drt
=700  1\$adel Valle Hurtado, Luis$4oth
=700  1\$aDickinson, John.$4nrt
=773  0\$dWatertown, MA : Documentary Educational Resources (DER), 1984
=856  40$uhttp://www.aspresolver.com/aspresolver.asp?ANTH;765354$yAlexander Street Press Ethnographic Video Online
=859  \\$aORR$bAlexander Street Press
=883  0\$aLanguage codes assigned by Bayesian analysis of words present in record$d20201028$qUk$c0.9010
=985  \\$aUpgraded by BSS-generated file for WR2011-1472
=CAT  \\$aWR13_071$b00$c20130610$lBLL01$h1613
=CAT  \\$aBATCH$b00$c20130610$lBLL01$h1613
=CAT  \\$aWR16_088$c20160606$lBLL01$h1632
=CAT  \\$aBATCH-UPD$b00$c20160606$lBLL01$h1633
=CAT  \\$aW1610-0368$c20161006$lBLL01$h0938
=CAT  \\$aW1606-1753$c20171028$lBLL01$h1352
=CAT  \\$aW2011-1472$b00$c20201127$lBLL01$h1833
=FIN  \\$aY$d20130610
=LAS  \\$aW2011-1472$b00$c20201127$lBLL01$h1833

