=LDR  03654 gm a2200421uu 4500
=001  016427876
=003  Uk
=005  20201127183324.0
=008  100813s9999\\\\xx\|||\|||||||||||mleng\d
=FMT  \\$a  VM
=035  \\$aASP1779511/ant1
=245  00$aDa Feast!
=260  \\$aWatertown, MA$bDocumentary Educational Resources (DER)
=306  \\$a22 minutes
=490  0\$aEthnographic Video Online, Volume 1
=505  00$aEach summer for the past one hundred years, local residents on an otherwise tranquil block in the Williamsburg section of Brooklyn turn their lives upside down for two weeks in order to host the reenactment of a centuries-old religious pageant.The annual feast of San Paulino di Nola has its roots in an archaic fertility rite with exotic pagan undertones. Italians from the Campanese village of Nola, who emigrated to Williamsburg in the 1880's, brought their blessed saint statues, fig trees and traditional values to New York. Soon after they arrived to a new world of stoops and storefronts, they formed a special "society," dedicated to maintaining the annual feast of their hometown saint in their new-world neighborhood.But what makes this display so spectacular is an 85-foot, 3-ton obelisk known as the Giglio, which, along with a full brass band and church pastor, is hoisted on the shoulders of 100 neighborhood men and carried aloft through the streets. The blocks-long procession provokes many moods, alternating between reflective piety and frenzied hysteria, around which fireworks are set off and everyone receives a fertility blessing.Da Feast! celebrates a very special day in the life of the Giglio, on its 100th anniversary in the streets of Williamsburg. While the intimate documentary features the neighborhood's dynamic young priest, Father Fonti; the ceremony's Capo Paranza, Phil Galasso; an appearance by Brooklyn's colorful Borough president, Marty Markowitz; and a swinging original jazz score by Joe Magnarelli, the real star is filmmaker (and Williamsburg resident) Artemis Willis' 96-year-old landlord, Massimino - who built the Giglio in Italy and brought his craft and his soul to Brooklyn.More than a block party or a church social, the Feast continues to unfold on personal, political, communal, familial, and cosmic levels in this constantly changing community. Today, zeppole carts are likely to stand adjacent to henna tattoo parlors, and the area's young hipsters observe a lesson in community from the local Italian Americans, and they both embrace a soundtrack that ranges from ancient folksongs to "Gonna Fly Now" (the theme from Rocky).
=546  \\$aIn English
=650  04$aAmerican
=650  04$aItalian-American
=650  \4$aSaints
=650  \4$aCultural identity
=650  \4$aReligious festivals
=650  \4$aFestivals
=700  1\$aWillis, Artemis$4pro
=700  1\$aWillis, Artemis$4drt
=773  0\$dWatertown, MA : Documentary Educational Resources (DER)
=856  40$uhttp://www.aspresolver.com/aspresolver.asp?ANTH;1779511$yAlexander Street Press Ethnographic Video Online
=859  \\$aORR$bAlexander Street Press
=883  0\$aLanguage codes assigned by Bayesian analysis of words present in record$d20201028$qUk$c0.9010
=985  \\$aUpgraded by BSS-generated file for WR2011-1472
=CAT  \\$aWR13_071$b00$c20130610$lBLL01$h1613
=CAT  \\$aBATCH$b00$c20130610$lBLL01$h1613
=CAT  \\$aWR16_088$c20160606$lBLL01$h1632
=CAT  \\$aW1610-0368$c20161006$lBLL01$h0938
=CAT  \\$aW1606-1753$c20171028$lBLL01$h1352
=CAT  \\$aW2011-1472$b00$c20201127$lBLL01$h1833
=FIN  \\$aY$d20130610
=LAS  \\$aW2011-1472$b00$c20201127$lBLL01$h1833

