=LDR  02809 gm a2200409uu 4500
=001  016427879
=003  Uk
=005  20201127183324.0
=008  100813s1988\\\\xx\|||\|||||||||||mleng\d
=FMT  \\$a  VM
=035  \\$aASP1879883/ant1
=245  00$aThe Dancer and the Dance
=260  \\$aLondon, UK$bRoyal Anthropological Institute$c1988
=306  \\$a41 minutes
=490  0\$aEthnographic Video Online, Volume 1
=505  00$aThis film is an invitation to see Javanese palace dancing as performed in Yogyakarta, Indonesia, and to go beyond appearances to discover what the dance means to those who continue the tradition. In this film dancers prepare to entertain guests at a wedding reception and perform the Love Dance (Langen Nawung Asmara). The female dancer, Susindahati, becomes the centre of attention as she does her household duties and then goes to the Secondary School of Performing Arts for classes in teaching theory and practical training in the Golek Asmarandana dance. Susindahati's generation is concerned with the perfecting of technical mastery. It is the older generation who can explain the importance of dance as a discipline, and the ideas associated with it. One of the connoisseurs, R. Kawindrasusena (known as Pak Seno), reads part of a philosophical text in the macapat style, and explains the spiritual elements of palace dance in Yogyakarta. At a training session of the Yayasan Siswa Among Beksa dance association, he describes his early experience of learning to dance, and explains the Javanese way to watch dances such as the elaborate Bedhaya Gandakusuma, which is being rehearsed with a gamelan orchestra and singers. After samples from this one-and-a-half hour long dance, Pak Seno offers his interpretation of the significance of what we have just seen.
=546  \\$aIn English
=650  04$aJavanese
=650  \4$aEducational philosophies
=650  \4$aPerformances
=650  \4$aDaily life
=650  \4$aCultural identity
=650  \4$aDancers
=700  1\$aHughes-Freeland, Felicia$4drt
=773  0\$dLondon, UK : Royal Anthropological Institute, 1988
=856  40$uhttp://www.aspresolver.com/aspresolver.asp?ANTH;1879883$yAlexander Street Press Ethnographic Video Online
=859  \\$aORR$bAlexander Street Press
=883  0\$aLanguage codes assigned by Bayesian analysis of words present in record$d20201028$qUk$c0.9010
=985  \\$aUpgraded by BSS-generated file for WR2011-1472
=CAT  \\$aWR13_071$b00$c20130610$lBLL01$h1613
=CAT  \\$aBATCH$b00$c20130610$lBLL01$h1613
=CAT  \\$aWR16_088$c20160606$lBLL01$h1632
=CAT  \\$aW1610-0368$c20161006$lBLL01$h0938
=CAT  \\$aW1606-1753$c20171028$lBLL01$h1352
=CAT  \\$aW2011-1472$b00$c20201127$lBLL01$h1833
=FIN  \\$aY$d20130610
=LAS  \\$aW2011-1472$b00$c20201127$lBLL01$h1833

