=LDR  02017 gm a2200421uu 4500
=001  016427882
=003  Uk
=005  20201127183324.0
=008  100813s2006\\\\xx\|||\|||||||||||mleng\d
=FMT  \\$a  VM
=035  \\$aASP765356/ant1
=245  00$aThe Dancing Chickens of Ventura Fabian
=260  \\$aWatertown, MA$bDocumentary Educational Resources (DER)$c2006
=306  \\$a10 minutes
=490  0\$aEthnographic Video Online, Volume 1
=505  00$aThe Dancing Chickens of Ventura Fabian is a lively, bilingual musical video visit with master woodcarver Ventura Fabian and his family in their small rural village of San Martin Tilcajete, nestled in the hills outside the colonial city of Oaxaca in southern Mexico. Every member of this campesino/artesano family works together to create some of the country's most colorful and creative folk art -- the hand-carved, hand-painted wooden figures that have become one of Mexico's most popular contemporary crafts.
=546  \\$aIn English
=650  04$aMexican
=650  \4$aArt
=650  \4$aCrafts
=650  \4$aWoodworking
=700  1\$aHasin, Nina.$4pro
=700  1\$aHasin, Nina.$4aut
=700  1\$aFabian, Ventura.$4oth
=773  0\$dWatertown, MA : Documentary Educational Resources (DER), 2006
=856  40$uhttp://www.aspresolver.com/aspresolver.asp?ANTH;765356$yAlexander Street Press Ethnographic Video Online
=859  \\$aORR$bAlexander Street Press
=883  0\$aLanguage codes assigned by Bayesian analysis of words present in record$d20201028$qUk$c0.9010
=985  \\$aUpgraded by BSS-generated file for WR2011-1472
=CAT  \\$aWR13_071$b00$c20130610$lBLL01$h1613
=CAT  \\$aBATCH$b00$c20130610$lBLL01$h1613
=CAT  \\$aWR16_088$c20160606$lBLL01$h1632
=CAT  \\$aBATCH-UPD$b00$c20160606$lBLL01$h1633
=CAT  \\$aW1610-0368$c20161006$lBLL01$h0938
=CAT  \\$aW1606-1753$c20171028$lBLL01$h1352
=CAT  \\$aW2011-1472$b00$c20201127$lBLL01$h1833
=FIN  \\$aY$d20130610
=LAS  \\$aW2011-1472$b00$c20201127$lBLL01$h1833

