=LDR  02845 gm a2200541uu 4500
=001  016427883
=003  Uk
=005  20201127183324.0
=008  100813s9999\\\\xx\|||\|||||||||||mleng\d
=FMT  \\$a  VM
=035  \\$aASP1689330/ant1
=245  00$aDancing Through Death
=260  \\$aNew York, NY$bFilmakers Library
=306  \\$a56 minutes
=490  0\$aEthnographic Video Online, Volume 1
=505  00$aThis is the story of Thavro Phim, who came of age under the Pol Pot regime and lost his father, brother, and grandfather to the blood thirsty Khmer Rouge. What kept him whole after the ordeal was his Buddhist faith and his dedication to Cambodian classical dance where he performs the role of Hanuman, the magical white monkey. Now a Philadelphia-area resident, Thavro travels to the Kingdom of Cambodia, a country still in turmoil, We witness his bittersweet reunion with his remaining family and teachers. The film takes us back to the years 1975-79 when 90 percent of the dancers were executed or died of starvation or disease. Their story leads to Cambodia's Killing Fields, the refugee camps, and to Yale University's Cambodian Genocide Project which helps families access information about their loved ones. The film shows how Khmer children, whose parents survived Cambodia's darkest hour, are being taught in Cambodia and America to carry on their traditions for the sake of cultural survival.
=546  \\$aIn English
=650  04$aCambodian
=650  \4$aDance
=650  \4$aDancers
=650  \4$aRefugees
=650  \4$aWar
=650  \4$aCultural identity
=650  \4$aCultural assimilation
=650  \4$aCultural change and history
=700  1\$aGardner, Janet.$4pro
=700  1\$aTheam, Sophy$4pro
=700  1\$aGardner, Janet$q(Janet P.).
=700  1\$aGardner, Janet$q(Janet P.)$4drt
=700  1\$aPhim, Thavro$4oth
=700  1\$aPhim, Toni Samantha$4oth
=700  1\$aSanders, Marlene.$4nrt
=773  0\$dNew York, NY : Filmakers Library
=856  40$uhttp://www.aspresolver.com/aspresolver.asp?ANTH;1689330$yAlexander Street Press Ethnographic Video Online
=859  \\$aORR$bAlexander Street Press
=883  0\$aLanguage codes assigned by Bayesian analysis of words present in record$d20201028$qUk$c0.9010
=985  \\$aUpgraded by BSS-generated file for WR2011-1472
=CAT  \\$aWR13_071$b00$c20130610$lBLL01$h1613
=CAT  \\$aBATCH$b00$c20130610$lBLL01$h1613
=CAT  \\$aBATCH-UPD$b00$c20150722$lBLL01$h2030
=CAT  \\$aWR16_088$c20160606$lBLL01$h1632
=CAT  \\$aW1610-0368$c20161006$lBLL01$h0938
=CAT  \\$aW1606-1753$c20171028$lBLL01$h1352
=CAT  \\$a8962$b40$c20190319$lBLL01$h1436
=CAT  \\$aBATCH-UPD$b40$c20190319$lBLL01$h1508
=CAT  \\$aW2011-1472$b00$c20201127$lBLL01$h1833
=FIN  \\$aY$d20130610
=LAS  \\$aW2011-1472$b00$c20201127$lBLL01$h1833

