=LDR  01892 gm a2200421uu 4500
=001  016427885
=003  Uk
=005  20201127183324.0
=008  100813s1993\\\\xx\|||\|||||||||||mleng\d
=FMT  \\$a  VM
=035  \\$aASP1879550/ant1
=245  00$aDancing With Miklos
=260  \\$aWatertown, MA$bDocumentary Educational Resources (DER)$c1993
=306  \\$a28 minutes
=490  0\$aEthnographic Video Online, Volume 1
=505  00$aWhile watching prolific Hungarian filmmaker Miklos Jancso make his political thriller, The Blue Danube Waltz, Robert Gardner begins to film. Jancso's style seeps through to the documentarian's factual eye to create more than a behind-the-scenes exploration; it's an insightful, eloquent, and entertaining tribute from one filmmaker to another.
=546  \\$aIn Hungarian, Subtitles in English
=600  14$aJancsó, Miklós
=650  04$aHungarian
=650  \4$aFilmmaking
=650  \4$aFilms
=650  \4$aFilms and filmmaking careers
=650  \4$aMotion picture occupations
=700  1\$aGardner, Robert.$4drt
=773  0\$dWatertown, MA : Documentary Educational Resources (DER), 1993
=856  40$uhttp://www.aspresolver.com/aspresolver.asp?ANTH;1879550$yAlexander Street Press Ethnographic Video Online
=859  \\$aORR$bAlexander Street Press
=883  0\$aLanguage codes assigned by Bayesian analysis of words present in record$d20201028$qUk$c0.9010
=985  \\$aUpgraded by BSS-generated file for WR2011-1472
=CAT  \\$aWR13_071$b00$c20130610$lBLL01$h1613
=CAT  \\$aBATCH$b00$c20130610$lBLL01$h1613
=CAT  \\$aWR16_088$c20160606$lBLL01$h1632
=CAT  \\$aBATCH-UPD$b00$c20160606$lBLL01$h1633
=CAT  \\$aW1610-0368$c20161006$lBLL01$h0938
=CAT  \\$aW1606-1753$c20171028$lBLL01$h1352
=CAT  \\$aW2011-1472$b00$c20201127$lBLL01$h1833
=FIN  \\$aY$d20130610
=LAS  \\$aW2011-1472$b00$c20201127$lBLL01$h1833

