=LDR  02032 gm a2200445uu 4500
=001  016427888
=003  Uk
=005  20201127183324.0
=008  100813s2003\\\\xx\|||\|||||||||||mleng\d
=FMT  \\$a  VM
=035  \\$aASP764602/ant1
=245  00$aDaritidzé, Trainee Healer
=260  \\$aWatertown, MA$bDocumentary Educational Resources (DER)$c2003
=306  \\$a36 minutes
=490  0\$aEthnographic Video Online, Volume 1
=505  00$aThe Xavante people of Aldeia Nova ask Xavante videomaker Divino Tserewahú to film their Wai'á ceremony, after watching his film Wai'á rini, the Power of the Dream. Elders in Aldeia Nova want to preserve this tough but rewarding ritual. Out in the hot sun all day, for three weeks the young men of the community undergo strengthening physical suffering in order to develop their curative powers.
=546  \\$aIn English, Subtitles in English
=650  04$aXavante
=650  \4$aCultural identity
=650  \4$aGender
=650  \4$aReligious rites and ceremonies
=650  \4$aHealers
=650  \4$aTribal and national groups
=700  1\$aTserewahu, Divino.$4pro
=700  1\$aTserewahu, Divino.$4aut
=700  1\$aTserewahu, Divino.$4drt
=773  0\$dWatertown, MA : Documentary Educational Resources (DER), 2003
=856  40$uhttp://www.aspresolver.com/aspresolver.asp?ANTH;764602$yAlexander Street Press Ethnographic Video Online
=859  \\$aORR$bAlexander Street Press
=883  0\$aLanguage codes assigned by Bayesian analysis of words present in record$d20201028$qUk$c0.9010
=985  \\$aUpgraded by BSS-generated file for WR2011-1472
=CAT  \\$aWR13_071$b00$c20130610$lBLL01$h1613
=CAT  \\$aBATCH$b00$c20130610$lBLL01$h1613
=CAT  \\$aWR16_088$c20160606$lBLL01$h1632
=CAT  \\$aBATCH-UPD$b00$c20160606$lBLL01$h1633
=CAT  \\$aW1610-0368$c20161006$lBLL01$h0938
=CAT  \\$aW1606-1753$c20171028$lBLL01$h1352
=CAT  \\$aW2011-1472$b00$c20201127$lBLL01$h1833
=FIN  \\$aY$d20130610
=LAS  \\$aW2011-1472$b00$c20201127$lBLL01$h1833

