=LDR  02329 gm a2200469uu 4500
=001  016427889
=003  Uk
=005  20201127183324.0
=008  100813s9999\\\\xx\|||\|||||||||||mleng\d
=FMT  \\$a  VM
=035  \\$aASP764358/ant1
=245  00$aA Darker Side of Fair
=260  \\$aWatertown, MA$bDocumentary Educational Resources (DER)
=306  \\$a25 minutes
=490  0\$aEthnographic Video Online, Volume 1
=505  00$aWith a focus on the emotional and psychological impact, this film addresses the historical and contemporary factors that contribute to the pressures thrust upon Indian women by a society obsessed with fair skin. [Shedding new light upon issues of global diversity, this documentary focuses on the extent to which a "fairness fetish" has permeated various levels of Indian society. Fairness is a serious business in India, one with intensely psychological ramifications. With a focus on the emotional and psychological impact, this film addresses the historical and contemporary factors that contribute to the pressures thrust upon Indian women by a society obsessed with fair skin.]
=546  \\$aIn English
=650  04$aIndian
=650  \4$aMarriage
=650  \4$aCultural identity
=650  \4$aRacial identity
=650  \4$aCultural norms
=650  \4$aMarketing and advertising
=650  \4$aPersonal appearance
=700  1\$aLeslie, Deepak$4pro
=700  1\$aLeslie, Deepak$4aut
=700  1\$aLeslie, Deepak$4drt
=700  1\$aPrabhu, Mīrā.$4nrt
=773  0\$dWatertown, MA : Documentary Educational Resources (DER)
=856  40$uhttp://www.aspresolver.com/aspresolver.asp?ANTH;764358$yAlexander Street Press Ethnographic Video Online
=859  \\$aORR$bAlexander Street Press
=883  0\$aLanguage codes assigned by Bayesian analysis of words present in record$d20201028$qUk$c0.9010
=985  \\$aUpgraded by BSS-generated file for WR2011-1472
=CAT  \\$aWR13_071$b00$c20130610$lBLL01$h1613
=CAT  \\$aBATCH$b00$c20130610$lBLL01$h1613
=CAT  \\$aBATCH-UPD$b00$c20130610$lBLL01$h1622
=CAT  \\$aWR16_088$c20160606$lBLL01$h1632
=CAT  \\$aW1610-0368$c20161006$lBLL01$h0938
=CAT  \\$aW1606-1753$c20171028$lBLL01$h1352
=CAT  \\$aW2011-1472$b00$c20201127$lBLL01$h1833
=FIN  \\$aY$d20130610
=LAS  \\$aW2011-1472$b00$c20201127$lBLL01$h1833

