=LDR  03012 gm a2200421uu 4500
=001  016427891
=003  Uk
=005  20201127183324.0
=008  100813s9999\\\\xx\|||\|||||||||||mleng\d
=FMT  \\$a  VM
=035  \\$aASP1784696/ant1
=245  00$aDaughters of the Canopy
=260  \\$aNew York, NY$bFilmakers Library
=306  \\$a57 minutes
=490  0\$aEthnographic Video Online, Volume 1
=520  3\$aThis vibrant film focuses on the struggles and successes of two local women's groups fighting to preserve their land, forests and way of life in Brazil's Amazon region. The women combine scientific study, political advocacy and grassroots activism to save their communities' fields and forests from ranchers and loggers and to improve their standard of living. The farmers in Quinandeua invited Dr. Patricia Shanley, an American ethno-botanist from the Woods Hole Research Center, to educate the community about the use of non-timber forest products. As one villager says, "she showed us the value of the forest, that wood and fruit are both important." They have become aware that the forests must stay intact for fruits and herbs to be harvested for food and medicine. Through their participation in local politics and education, the women are gaining confidence and respect in what has been a traditionally male-dominated society for the past five hundred years. Throughout the region, women's associations are forming and becoming increasingly organized and politically engaged. In Nova Timboteua, ranchers seized the farmers' land illegally, and brutally in some cases. Women resisted and organized against them. Their efforts are part of a growing tide of popular unrest that is driving a profound political and social struggle to restructure the way resources are divided in Brazil. In the Amazon, the conflict with big business is most extreme. The women's groups are inspiring other Amazonians to take action to improve their lives.
=546  \\$aIn English
=650  04$aBrazilian
=650  \4$aAgricultural conditions
=650  \4$aEconomic conditions
=650  \4$aSocial activists
=650  \4$aWomen
=700  1\$aMacDonald, Trilby.$4pro
=700  1\$aMacDonald, Trilby.$4drt
=773  0\$dNew York, NY : Filmakers Library
=856  40$uhttp://www.aspresolver.com/aspresolver.asp?ANTH;1784696$yAlexander Street Press Ethnographic Video Online
=859  \\$aORR$bAlexander Street Press
=883  0\$aLanguage codes assigned by Bayesian analysis of words present in record$d20201028$qUk$c0.9010
=985  \\$aUpgraded by BSS-generated file for WR2011-1472
=CAT  \\$aWR13_071$b00$c20130610$lBLL01$h1613
=CAT  \\$aBATCH$b00$c20130610$lBLL01$h1613
=CAT  \\$aWR16_088$c20160606$lBLL01$h1632
=CAT  \\$aW1610-0368$c20161006$lBLL01$h0938
=CAT  \\$aW1606-1753$c20171028$lBLL01$h1352
=CAT  \\$aW2011-1472$b00$c20201127$lBLL01$h1833
=CAT  \\$aBATCH-UPD$b00$c20210913$lBLL01$h2020
=FIN  \\$aY$d20130610
=LAS  \\$aBATCH-UPD$b00$c20210913$lBLL01$h2020

