=LDR  02093 gm a2200445uu 4500
=001  016427892
=003  Uk
=005  20201127183324.0
=008  100813s1964\\\\xx\|||\|||||||||||mleng\d
=FMT  \\$a  VM
=035  \\$aASP764606/ant1
=245  00$aDead Birds
=260  \\$aWatertown, MA$bDocumentary Educational Resources (DER)$c1964
=306  \\$a83 minutes
=490  0\$aEthnographic Video Online, Volume 1
=505  00$a"A cinematographic interpretation of the life of a group of Grand Valley Dani, who are mountain Papuans in West New Guinea (Irian Barat, Indonesia), studied by the Harvard-Peabody Expedition (1961-1963). This film was made by Gardner in 1961, before the area was pacified by the Dutch government. The film focuses on Weyak, the farmer and warrior, and on Pua, the young swineherd, following them through the events of Dani life: sweet potato horticulture, pig keeping, salt winning, battles, raids, and ceremonies." - Karl G. Heider
=546  \\$aIn English
=650  04$aDani
=650  \4$aReligious beliefs
=650  \4$aGender
=650  \4$aDaily life
=650  \4$aRural population
=650  \4$aBattles
=650  \4$aTribal and national groups
=700  1\$aGardner, Robert.$4aut
=700  1\$aGardner, Robert.$4drt
=773  0\$dWatertown, MA : Documentary Educational Resources (DER), 1964
=856  40$uhttp://www.aspresolver.com/aspresolver.asp?ANTH;764606$yAlexander Street Press Ethnographic Video Online
=859  \\$aORR$bAlexander Street Press
=883  0\$aLanguage codes assigned by Bayesian analysis of words present in record$d20201028$qUk$c0.9010
=985  \\$aUpgraded by BSS-generated file for WR2011-1472
=CAT  \\$aWR13_071$b00$c20130610$lBLL01$h1613
=CAT  \\$aBATCH$b00$c20130610$lBLL01$h1613
=CAT  \\$aWR16_088$c20160606$lBLL01$h1632
=CAT  \\$aBATCH-UPD$b00$c20160606$lBLL01$h1633
=CAT  \\$aW1610-0368$c20161006$lBLL01$h0938
=CAT  \\$aW1606-1753$c20171028$lBLL01$h1352
=CAT  \\$aW2011-1472$b00$c20201127$lBLL01$h1833
=FIN  \\$aY$d20130610
=LAS  \\$aW2011-1472$b00$c20201127$lBLL01$h1833

