=LDR  02245 gm a2200445uu 4500
=001  016427893
=003  Uk
=005  20201127183324.0
=008  100813s2003\\\\xx\|||\|||||||||||mleng\d
=FMT  \\$a  VM
=035  \\$aASP764608/ant1
=245  00$aDead Presumed Missing?
=260  \\$aWatertown, MA$bDocumentary Educational Resources (DER)$c2003
=306  \\$a40 minutes
=490  0\$aEthnographic Video Online, Volume 1
=505  00$aBetween 1963-74, about 2000 Turkish and Greek Cypriots disappeared during hostilities between the two communities of Cyprus. Following an abortive coup in 1974, Turkey invaded and occupied the north of the island. 200,000 Greek Cypriots, a third of the population, fled their homes, becoming refugees in the south.During the Turkish invasion, many died in the war, but their bodies were never recovered. Others (including women and children) vanished behind the advancing Turkish army. To this day, Turkey refuses to offer any explanations. The fate and whereabouts of the Greek and Turkish Cypriots missing remains an official secret.
=546  \\$aIn English, Subtitles in English
=650  04$aTurk
=650  04$aGreek
=650  \4$aMissing persons
=650  \4$aPolitics
=650  \4$aCultural change and history
=700  1\$aCassia, Paul Sant$4aut
=700  1\$aPiault, Colette.$4aut
=700  1\$aCassia, Paul Sant$4drt
=700  1\$aPiault, Colette.$4drt
=773  0\$dWatertown, MA : Documentary Educational Resources (DER), 2003
=856  40$uhttp://www.aspresolver.com/aspresolver.asp?ANTH;764608$yAlexander Street Press Ethnographic Video Online
=859  \\$aORR$bAlexander Street Press
=883  0\$aLanguage codes assigned by Bayesian analysis of words present in record$d20201028$qUk$c0.9010
=985  \\$aUpgraded by BSS-generated file for WR2011-1472
=CAT  \\$aWR13_071$b00$c20130610$lBLL01$h1613
=CAT  \\$aBATCH$b00$c20130610$lBLL01$h1613
=CAT  \\$aWR16_088$c20160606$lBLL01$h1632
=CAT  \\$aBATCH-UPD$b00$c20160606$lBLL01$h1633
=CAT  \\$aW1610-0368$c20161006$lBLL01$h0938
=CAT  \\$aW1606-1753$c20171028$lBLL01$h1352
=CAT  \\$aW2011-1472$b00$c20201127$lBLL01$h1833
=FIN  \\$aY$d20130610
=LAS  \\$aW2011-1472$b00$c20201127$lBLL01$h1833

