=LDR  02197 gm a2200517uu 4500
=001  016427894
=003  Uk
=005  20201127183324.0
=008  100813s1978\\\\xx\|||\|||||||||||mleng\d
=FMT  \\$a  VM
=035  \\$aASP765358/ant1
=245  00$aThe Death of the Grandfather or the Sleep of the Just (La mort du grand-père ou Le sommeil du juste)
=260  \\$aWatertown, MA$bDocumentary Educational Resources (DER)$c1978
=306  \\$a87 minutes
=490  0\$aEthnographic Video Online, Volume 1
=505  00$aA tale, told by his five daughters, of the life and death of a man very representative of a Protestant Switzerland in the early 20th century where life was conditioned by the work ethic. He was first a farmer, then a factory worker, then the head of a small family affair where his daughters became his workers.
=546  \\$aIn French, Subtitles in English
=650  04$aSwiss
=650  \4$aFamily
=650  \4$aJewelry
=650  \4$aFactories
=650  \4$aFathers
=650  \4$aGrandfathers
=650  \4$aDeaths
=700  1\$aVeuve, Jacqueline.$4aut
=700  1\$aVeuve, Jacqueline.$4drt
=700  1\$aArnould-Reymond, Angèle$4oth
=700  1\$aPittet-Reymond, Eva$4oth
=700  1\$aReber-Reymond, Yvonne$4oth
=700  1\$aReymond, Emma$4oth
=700  1\$aReymond, Irène$4oth
=700  1\$aVeuve, Jacqueline.$4oth
=773  0\$dWatertown, MA : Documentary Educational Resources (DER), 1978
=856  40$uhttp://www.aspresolver.com/aspresolver.asp?ANTH;765358$yAlexander Street Press Ethnographic Video Online
=859  \\$aORR$bAlexander Street Press
=883  0\$aLanguage codes assigned by Bayesian analysis of words present in record$d20201028$qUk$c0.9010
=985  \\$aUpgraded by BSS-generated file for WR2011-1472
=CAT  \\$aWR13_071$b00$c20130610$lBLL01$h1613
=CAT  \\$aBATCH$b00$c20130610$lBLL01$h1613
=CAT  \\$aWR16_088$c20160606$lBLL01$h1632
=CAT  \\$aBATCH-UPD$b00$c20160606$lBLL01$h1633
=CAT  \\$aW1610-0368$c20161006$lBLL01$h0938
=CAT  \\$aW1606-1753$c20171028$lBLL01$h1352
=CAT  \\$aW2011-1472$b00$c20201127$lBLL01$h1833
=FIN  \\$aY$d20130610
=LAS  \\$aW2011-1472$b00$c20201127$lBLL01$h1833

