=LDR  02015 gm a2200493uu 4500
=001  016427895
=003  Uk
=005  20201127183324.0
=008  100813s1979\\\\xx\|||\|||||||||||mleng\d
=FMT  \\$a  VM
=035  \\$aASP764610/ant1
=245  00$aDeath Row
=260  \\$aWatertown, MA$bDocumentary Educational Resources (DER)$c1979
=306  \\$a59 minutes
=490  0\$aEthnographic Video Online, Volume 1
=505  00$aDeath Row is a film about daily life on Death Row in Texas. When the film was made in March 1979, 114 men were housed in the special death cells of Ellis prison's rows J-21 and J-23. The men spend their time waiting for the State to kill them or fighting as hard as they can to prevent that death from happening.
=546  \\$aIn English
=650  04$aAmerican
=650  \4$aDaily life
=650  \4$aPrisons
=650  \4$aExecutions
=650  \4$aPrisoners
=650  \4$aCriminal punishment
=700  1\$aChristian, Diane$4pro
=700  1\$aJackson, Bruce.$4pro
=700  1\$aChristian, Diane$4aut
=700  1\$aJackson, Bruce.$4aut
=700  1\$aJackson, Bruce.$4drt
=700  1\$aCook, Kerry Max$4oth
=700  1\$aRussell, James.$4oth
=773  0\$dWatertown, MA : Documentary Educational Resources (DER), 1979
=856  40$uhttp://www.aspresolver.com/aspresolver.asp?ANTH;764610$yAlexander Street Press Ethnographic Video Online
=859  \\$aORR$bAlexander Street Press
=883  0\$aLanguage codes assigned by Bayesian analysis of words present in record$d20201028$qUk$c0.9010
=985  \\$aUpgraded by BSS-generated file for WR2011-1472
=CAT  \\$aWR13_071$b00$c20130610$lBLL01$h1613
=CAT  \\$aBATCH$b00$c20130610$lBLL01$h1613
=CAT  \\$aWR16_088$c20160606$lBLL01$h1632
=CAT  \\$aBATCH-UPD$b00$c20160606$lBLL01$h1633
=CAT  \\$aW1610-0368$c20161006$lBLL01$h0938
=CAT  \\$aW1606-1753$c20171028$lBLL01$h1352
=CAT  \\$aW2011-1472$b00$c20201127$lBLL01$h1833
=FIN  \\$aY$d20130610
=LAS  \\$aW2011-1472$b00$c20201127$lBLL01$h1833

