=LDR  01741 gm a2200469uu 4500
=001  016427898
=003  Uk
=005  20201127183324.0
=008  100813s1985\\\\xx\|||\|||||||||||mleng\d
=FMT  \\$a  VM
=035  \\$aASP1646997/ant1
=245  00$aDecoding Danebury
=260  \\$aLondon, England$bBritish Broadcasting Corporation (BBC)$c1985
=306  \\$a50 minutes
=490  0\$aEthnographic Video Online, Volume 1
=505  00$aIn English
=650  04$aCeltic
=650  \4$aArchaeological artifacts
=650  \4$aArchaeological survey methods
=650  \4$aArchaeology
=650  \4$aAncient civilizations
=650  \4$aArchaeological sites
=700  1\$aBenedek, Antonia.$4pro
=700  1\$aCunliffe, Barry W.$4aut
=700  1\$aCunliffe, Barry W.$4oth
=700  1\$aVaughan, Paul.$4nrt
=773  0\$dLondon, England : British Broadcasting Corporation (BBC), 1985
=856  40$uhttp://www.aspresolver.com/aspresolver.asp?ANTH;1646997$yAlexander Street Press Ethnographic Video Online
=859  \\$aORR$bAlexander Street Press
=883  0\$aLanguage codes assigned by Bayesian analysis of words present in record$d20201028$qUk$c0.9010
=985  \\$aUpgraded by BSS-generated file for WR2011-1472
=CAT  \\$aWR13_071$b00$c20130610$lBLL01$h1613
=CAT  \\$aBATCH$b00$c20130610$lBLL01$h1613
=CAT  \\$aBATCH-UPD$b00$c20141214$lBLL01$h0206
=CAT  \\$aWR16_088$c20160606$lBLL01$h1632
=CAT  \\$aBATCH-UPD$b00$c20160606$lBLL01$h1633
=CAT  \\$aW1610-0368$c20161006$lBLL01$h0938
=CAT  \\$aW1606-1753$c20171028$lBLL01$h1352
=CAT  \\$a6491$b40$c20190806$lBLL01$h1202
=CAT  \\$aW2011-1472$b00$c20201127$lBLL01$h1833
=FIN  \\$aY$d20130610
=LAS  \\$aW2011-1472$b00$c20201127$lBLL01$h1833

