=LDR  02094 gm a2200445uu 4500
=001  016427900
=003  Uk
=005  20201127183324.0
=008  100813s1981\\\\xx\|||\|||||||||||mleng\d
=FMT  \\$a  VM
=035  \\$aASP764614/ant1
=245  00$aDeep Hearts
=260  \\$aWatertown, MA$bDocumentary Educational Resources (DER)$c1981
=306  \\$a49 minutes
=490  0\$aEthnographic Video Online, Volume 1
=505  00$aDeep Hearts is a film about the Bororo Fulani, a nomadic society located in the central portion of the Niger Republic of Africa. The title is a reference to an important aspect of these people's thought and demeanor.The Bororo are immensely beautiful. They are also extremely envious of each other's looks. This envy accounts for their truly suspicious nature; one which leads quickly to feelings of fear. They are particularly fearful of being 'devoured' by both the eyes and mouths of those around them with whom they compete as beautiful creatures.
=546  \\$aIn English
=650  04$aBororo Fulani
=650  \4$aGender
=650  \4$aArt
=650  \4$aSexuality
=650  \4$aWomen
=650  \4$aMigrant life
=700  1\$aGardner, Robert.$4pro
=700  1\$aGardner, Robert.$4aut
=700  1\$aGardner, Robert.$4drt
=773  0\$dWatertown, MA : Documentary Educational Resources (DER), 1981
=856  40$uhttp://www.aspresolver.com/aspresolver.asp?ANTH;764614$yAlexander Street Press Ethnographic Video Online
=859  \\$aORR$bAlexander Street Press
=883  0\$aLanguage codes assigned by Bayesian analysis of words present in record$d20201028$qUk$c0.9010
=985  \\$aUpgraded by BSS-generated file for WR2011-1472
=CAT  \\$aWR13_071$b00$c20130610$lBLL01$h1613
=CAT  \\$aBATCH$b00$c20130610$lBLL01$h1613
=CAT  \\$aWR16_088$c20160606$lBLL01$h1632
=CAT  \\$aBATCH-UPD$b00$c20160606$lBLL01$h1633
=CAT  \\$aW1610-0368$c20161006$lBLL01$h0938
=CAT  \\$aW1606-1753$c20171028$lBLL01$h1352
=CAT  \\$aW2011-1472$b00$c20201127$lBLL01$h1833
=FIN  \\$aY$d20130610
=LAS  \\$aW2011-1472$b00$c20201127$lBLL01$h1833

