=LDR  02640 gm a2200577uu 4500
=001  016427901
=003  Uk
=005  20201127183324.0
=008  100813s2000\\\\xx\|||\|||||||||||mleng\d
=FMT  \\$a  VM
=035  \\$aASP764616/ant1
=245  00$aDemocracia Indigena
=260  \\$aWatertown, MA$bDocumentary Educational Resources (DER)$c2000
=306  \\$a38 minutes
=490  0\$aEthnographic Video Online, Volume 1
=505  00$aThis film examines the indigenous rights revolution sweeping Mexico through the municipal elections in Huehuetla, Puebla. In 1989, the Huehuetla Totonacs formed the Organizacion Independiente Totonaca (OIT), and joined in an electoral alliance with the Partido de la Revolucion Democratica (PRD). For ten years the OIT and the PRD carried out a non-violent revolution. The visible signs of this Totonac renaissance are the health clinics, schools, roads, drinking water and electricity available to everyone for the first time. But the real change is in the new self-confidence and pride of the Totonacs themselves.
=546  \\$aIn Totonac, Spanish, Subtitles in English
=650  04$aTotonac
=650  \4$aEquality
=650  \4$aTribal and national groups
=650  \4$aReligion
=650  \4$aDemocracy
=650  \4$aCultural identity
=650  \4$aPolitics
=700  1\$aGarcia, Gerardo$4pro
=700  1\$aLane, Bruce.$4aut
=700  1\$aWahrhaftig, Albert$4aut
=700  1\$aLane, Bruce.$4drt
=700  1\$aGarcia, Lúcia.$4oth
=700  1\$aMendez, Gilberto$4oth
=700  1\$aMenéndez, Mario.$4oth
=700  1\$aCruz, Jacinto$4oth
=700  1\$aRomero, Cruz$4oth
=700  1\$aSolano, Victor$4oth
=700  1\$aVega, Pedro$4oth
=773  0\$dWatertown, MA : Documentary Educational Resources (DER), 2000
=856  40$uhttp://www.aspresolver.com/aspresolver.asp?ANTH;764616$yAlexander Street Press Ethnographic Video Online
=859  \\$aORR$bAlexander Street Press
=883  0\$aLanguage codes assigned by Bayesian analysis of words present in record$d20201028$qUk$c0.9010
=985  \\$aUpgraded by BSS-generated file for WR2011-1472
=CAT  \\$aWR13_071$b00$c20130610$lBLL01$h1613
=CAT  \\$aBATCH$b00$c20130610$lBLL01$h1613
=CAT  \\$aBATCH-UPD$b00$c20130610$lBLL01$h1615
=CAT  \\$aBATCH-UPD$b00$c20141221$lBLL01$h0100
=CAT  \\$aWR16_088$c20160606$lBLL01$h1632
=CAT  \\$aBATCH-UPD$b00$c20160916$lBLL01$h2031
=CAT  \\$aW1610-0368$c20161006$lBLL01$h0938
=CAT  \\$aW1606-1753$c20171028$lBLL01$h1352
=CAT  \\$aW2011-1472$b00$c20201127$lBLL01$h1833
=FIN  \\$aY$d20130610
=LAS  \\$aW2011-1472$b00$c20201127$lBLL01$h1833

