=LDR  01394 gm a2200373uu 4500
=001  016427902
=003  Uk
=005  20201127183324.0
=008  100813s2008\\\\xx\|||\|||||||||||mleng\d
=FMT  \\$a  VM
=035  \\$aASP1779499/ant1
=245  00$aDemolition
=260  \\$aWatertown, MA$bDocumentary Educational Resources (DER)$c2008
=306  \\$a62 minutes
=490  0\$aEthnographic Video Online, Volume 1
=505  00$aChinese
=650  \4$aMigrant life
=650  \4$aConstruction
=700  1\$aSniadecki, J. P.$4aut
=700  1\$aSniadecki, J. P.$4drt
=773  0\$dWatertown, MA : Documentary Educational Resources (DER), 2008
=856  40$uhttp://www.aspresolver.com/aspresolver.asp?ANTH;1779499$yAlexander Street Press Ethnographic Video Online
=859  \\$aORR$bAlexander Street Press
=883  0\$aLanguage codes assigned by Bayesian analysis of words present in record$d20201028$qUk$c0.9010
=985  \\$aUpgraded by BSS-generated file for WR2011-1472
=CAT  \\$aWR13_071$b00$c20130610$lBLL01$h1613
=CAT  \\$aBATCH$b00$c20130610$lBLL01$h1613
=CAT  \\$aBATCH-UPD$b00$c20130610$lBLL01$h1622
=CAT  \\$aWR16_088$c20160606$lBLL01$h1632
=CAT  \\$aW1610-0368$c20161006$lBLL01$h0938
=CAT  \\$aW1606-1753$c20171028$lBLL01$h1352
=CAT  \\$aW2011-1472$b00$c20201127$lBLL01$h1833
=FIN  \\$aY$d20130610
=LAS  \\$aW2011-1472$b00$c20201127$lBLL01$h1833

