=LDR  02760 gm a2200457uu 4500
=001  016427903
=003  Uk
=005  20201127183324.0
=008  100813s9999\\\\xx\|||\|||||||||||mleng\d
=FMT  \\$a  VM
=035  \\$aASP1689332/ant1
=245  00$aDevil on the Roof
=260  \\$aNew York, NY$bFilmakers Library
=306  \\$a60 minutes
=490  0\$aEthnographic Video Online, Volume 1
=505  00$aThe celebrated Iranian photographer, Nasrollah Kasraian and his wife, anthropologist Ziba Arshi, have documented many unique populations living within the borders of Iran. This film provides a fascinating look at the Turkmans of Iran, who live in small villages northeast of Teheran, near the Afghanistan border. It examines how Turkman society has changed over several years. Devil on the Roof captures varied aspects of their traditional culture. It shows how shamans treat physical and mental illnesses with music, sticks and swords. It depicts the women's roles - raising children, working in the rice fields and weaving magnificent rugs and clothing. Four years after the initial filming, the filmmakers return to the Turkman villages where they find radical changes have occurred. The introduction of electricity has brought television - the key to modernization. Because of their geographical location, the Turkmans can pick up TV transmissions from the Russian Turks (Turkmanistan) and have access to Russian - and American-programs. The children watch sitcoms, play video games, drink Coke and attend schools decorated with paintings of Mickey and Minnie Mouse.
=546  \\$aIn English
=650  04$aTurkmen
=650  \4$aTribal and national groups
=650  \4$aCultural assimilation
=650  \4$aGender roles
=650  \4$aCultural identity
=650  \4$aCultural change and history
=700  1\$aKarimi, Babak.$4pro
=700  1\$aKarimi, Babak.$4aut
=700  1\$aKarimi, Babak.$4drt
=700  1\$aKasraian, Nasrollah$4oth
=773  0\$dNew York, NY : Filmakers Library
=856  40$uhttp://www.aspresolver.com/aspresolver.asp?ANTH;1689332$yAlexander Street Press Ethnographic Video Online
=859  \\$aORR$bAlexander Street Press
=883  0\$aLanguage codes assigned by Bayesian analysis of words present in record$d20201028$qUk$c0.9010
=985  \\$aUpgraded by BSS-generated file for WR2011-1472
=CAT  \\$aWR13_071$b00$c20130610$lBLL01$h1613
=CAT  \\$aBATCH$b00$c20130610$lBLL01$h1613
=CAT  \\$aWR16_088$c20160606$lBLL01$h1632
=CAT  \\$aBATCH-UPD$b00$c20160606$lBLL01$h1633
=CAT  \\$aW1610-0368$c20161006$lBLL01$h0938
=CAT  \\$aW1606-1753$c20171028$lBLL01$h1352
=CAT  \\$aW2011-1472$b00$c20201127$lBLL01$h1833
=FIN  \\$aY$d20130610
=LAS  \\$aW2011-1472$b00$c20201127$lBLL01$h1833

