=LDR  02158 gm a2200529uu 4500
=001  016427904
=003  Uk
=005  20201127183324.0
=008  100813s1997\\\\xx\|||\|||||||||||mleng\d
=FMT  \\$a  VM
=035  \\$aASP764618/ant1
=245  00$aDhiava: Autumn Journey
=260  \\$aWatertown, MA$bDocumentary Educational Resources (DER)$c1997
=306  \\$a50 minutes
=490  0\$aEthnographic Video Online, Volume 1
=505  00$aThe film takes place in the village of Samarina, in the Pindos Mountains in North Western Greece, where we meet three brothers, Tsiogas, Steryios and Vassilis Anthoulis, Vlachs who speak a language closely related to Romanian. In October it is time for the Dhiava, the autumn journey.
=546  \\$aIn Aromanian, English, Subtitles in English
=650  04$aAlbanian
=650  04$aVlach
=650  \4$aRural population
=650  \4$aImmigration and emigration
=650  \4$aCultural change and history
=650  \4$aHerders
=650  \4$aCultural identity
=700  1\$aHope, David.$4pro
=700  1\$aSalmon, Tim.$4pro
=700  1\$aSalmon, Tim.$4aut
=700  1\$aHope, David.$4drt
=700  1\$aSalmon, Tim.$4drt
=700  1\$aAnthoulis, Steryios$4oth
=700  1\$aAnthoulis, Tsiogas$4oth
=700  1\$aAnthoulis, Vassilis$4oth
=700  1\$aSalmon, Tim.$4oth
=773  0\$dWatertown, MA : Documentary Educational Resources (DER), 1997
=856  40$uhttp://www.aspresolver.com/aspresolver.asp?ANTH;764618$yAlexander Street Press Ethnographic Video Online
=859  \\$aORR$bAlexander Street Press
=883  0\$aLanguage codes assigned by Bayesian analysis of words present in record$d20201028$qUk$c0.9010
=985  \\$aUpgraded by BSS-generated file for WR2011-1472
=CAT  \\$aWR13_071$b00$c20130610$lBLL01$h1613
=CAT  \\$aBATCH$b00$c20130610$lBLL01$h1613
=CAT  \\$aWR16_088$c20160606$lBLL01$h1632
=CAT  \\$aBATCH-UPD$b00$c20160606$lBLL01$h1633
=CAT  \\$aW1610-0368$c20161006$lBLL01$h0938
=CAT  \\$aW1606-1753$c20171028$lBLL01$h1352
=CAT  \\$aW2011-1472$b00$c20201127$lBLL01$h1833
=FIN  \\$aY$d20130610
=LAS  \\$aW2011-1472$b00$c20201127$lBLL01$h1833

