=LDR  02266 gm a2200433uu 4500
=001  016427906
=003  Uk
=005  20201127183324.0
=008  100813s9999\\\\xx\|||\|||||||||||mleng\d
=FMT  \\$a  VM
=035  \\$aASP1784702/ant1
=245  00$aDineh Nation: The Navajo Story
=260  \\$aNew York, NY$bFilmakers Library
=306  \\$a26 minutes
=490  0\$aEthnographic Video Online, Volume 1
=520  3\$aThis powerful film, with its haunting Native American music, o-graphed in the Sovereign Dineh Indian Reservation which stretches through parts of Arizona, New Mexico and Utah. Here the Navajo people have lived on vast deposits of oil, coal and uranium. Their religion considers Mother Earth sacred and forbids them from exploiting her resources. But outside forces are at work, strip mining the coal and polluting the water. The sweet wells on Dineh land are drying up. This land has also suffered a uranium spill larger than that of Three Mile Island. Tens of thousands of Dineh were relocated. Others were fenced off from the land they worship. The film emphasizes the spiritual essence of the Dineh, with their unique art forms, music and original lifestyle.
=546  \\$aIn English
=650  04$aNavajo
=650  \4$aReligious beliefs
=650  \4$aPollution
=650  \4$aAmerican Indian communities
=650  \4$aTribal and national groups
=650  \4$aMining industry
=650  \4$aCoal
=700  1\$aRichards, Russell.$4pro
=773  0\$dNew York, NY : Filmakers Library
=856  40$uhttp://www.aspresolver.com/aspresolver.asp?ANTH;1784702$yAlexander Street Press Ethnographic Video Online
=859  \\$aORR$bAlexander Street Press
=883  0\$aLanguage codes assigned by Bayesian analysis of words present in record$d20201028$qUk$c0.9010
=985  \\$aUpgraded by BSS-generated file for WR2011-1472
=CAT  \\$aWR13_071$b00$c20130610$lBLL01$h1613
=CAT  \\$aBATCH$b00$c20130610$lBLL01$h1613
=CAT  \\$aWR16_088$c20160606$lBLL01$h1632
=CAT  \\$aBATCH-UPD$b00$c20160606$lBLL01$h1633
=CAT  \\$aW1610-0368$c20161006$lBLL01$h0938
=CAT  \\$aW1606-1753$c20171028$lBLL01$h1352
=CAT  \\$aW2011-1472$b00$c20201127$lBLL01$h1833
=FIN  \\$aY$d20130610
=LAS  \\$aW2011-1472$b00$c20201127$lBLL01$h1833

