=LDR  02275 gm a2200565uu 4500
=001  016427907
=003  Uk
=005  20201127183324.0
=008  100813s2005\\\\xx\|||\|||||||||||mleng\d
=FMT  \\$a  VM
=035  \\$aASP764632/ant1
=245  00$aDinka Diaries
=260  \\$aWatertown, MA$bDocumentary Educational Resources (DER)$c2005
=306  \\$a56 minutes
=490  0\$aEthnographic Video Online, Volume 1
=505  00$aDinka Diaries tells the story of some of America's most recent arrivals: Sudanese refugees who would have never dreamt a few years ago that they'd be living in America. Over the course of ten months, the film follows the lives of three Sudanese refugees who resettle in the Philadelphia area and adjust to the new American culture and way of life.
=546  \\$aIn English
=650  04$aDinka
=650  04$aAmerican
=650  04$aSudanese
=650  \4$aCommunities
=650  \4$aCultural assimilation
=650  \4$aUrban life
=650  \4$aEducation
=650  \4$aCultural identity
=650  \4$aRefugees
=650  \4$aImmigrant populations
=700  1\$aDeng, Joseph Garang$4pro
=700  1\$aKuch, Mike Majok$4pro
=700  1\$aKuol, Abraham Herjok$4pro
=700  1\$aMebrahtu, Filmon.$4pro
=700  1\$aMebrahtu, Filmon.$4aut
=700  1\$aMebrahtu, Filmon.$4drt
=700  1\$aDeng, Joseph Garang$4oth
=700  1\$aKuch, Mike Majok$4oth
=700  1\$aKuol, Abraham Herjok$4oth
=773  0\$dWatertown, MA : Documentary Educational Resources (DER), 2005
=856  40$uhttp://www.aspresolver.com/aspresolver.asp?ANTH;764632$yAlexander Street Press Ethnographic Video Online
=859  \\$aORR$bAlexander Street Press
=883  0\$aLanguage codes assigned by Bayesian analysis of words present in record$d20201028$qUk$c0.9010
=985  \\$aUpgraded by BSS-generated file for WR2011-1472
=CAT  \\$aWR13_071$b00$c20130610$lBLL01$h1613
=CAT  \\$aBATCH$b00$c20130610$lBLL01$h1613
=CAT  \\$aWR16_088$c20160606$lBLL01$h1632
=CAT  \\$aBATCH-UPD$b00$c20160606$lBLL01$h1633
=CAT  \\$aW1610-0368$c20161006$lBLL01$h0938
=CAT  \\$aW1606-1753$c20171028$lBLL01$h1352
=CAT  \\$aW2011-1472$b00$c20201127$lBLL01$h1833
=FIN  \\$aY$d20130610
=LAS  \\$aW2011-1472$b00$c20201127$lBLL01$h1833

