=LDR  02327 gm a2200541uu 4500
=001  016427908
=003  Uk
=005  20201127183324.0
=008  100813s2004\\\\xx\|||\|||||||||||mleng\d
=FMT  \\$a  VM
=035  \\$aASP765360/ant1
=245  00$aThe Disappearing of Tuvalu: Trouble In Paradise
=260  \\$aWatertown, MA$bDocumentary Educational Resources (DER)$c2004
=306  \\$a73 minutes
=490  0\$aEthnographic Video Online, Volume 1
=505  00$aA detailed overview of contemporary life in the tiny South Pacific country of Tuvalu, this film documents the earth's first sovereign nation faced with total destruction due to the effects of global warming. With a population of about 11,000 living on a total landmass of only 20 square miles - less than Manhattan - spread over nine low-lying atolls 600 miles to the north of Fiji, Tuvalu has been inhabited for over four millenia.
=546  \\$aIn English
=650  04$aTuvaluan
=650  \4$aIslands
=650  \4$aFloods
=650  \4$aCultural identity
=650  \4$aCultural change and history
=650  \4$aPollution
=650  \4$aEnvironment
=650  \4$aClimates
=700  1\$aLe Gallic, Gilliane.$4pro
=700  1\$aHorner, Christopher$4aut
=700  1\$aLe Gallic, Gilliane.$4aut
=700  1\$aHorner, Christopher$4drt
=700  1\$aHemstock, Sarah$4oth
=700  1\$aLauti, Tauripi$4oth
=700  1\$aSopoaga, Enele$4oth
=700  1\$aVavae, Hilia$4oth
=700  1\$aWilson, Lambert.$4nrt
=773  0\$dWatertown, MA : Documentary Educational Resources (DER), 2004
=856  40$uhttp://www.aspresolver.com/aspresolver.asp?ANTH;765360$yAlexander Street Press Ethnographic Video Online
=859  \\$aORR$bAlexander Street Press
=883  0\$aLanguage codes assigned by Bayesian analysis of words present in record$d20201028$qUk$c0.9010
=985  \\$aUpgraded by BSS-generated file for WR2011-1472
=CAT  \\$aWR13_071$b00$c20130610$lBLL01$h1613
=CAT  \\$aBATCH$b00$c20130610$lBLL01$h1613
=CAT  \\$aWR16_088$c20160606$lBLL01$h1632
=CAT  \\$aBATCH-UPD$b00$c20160606$lBLL01$h1633
=CAT  \\$aW1610-0368$c20161006$lBLL01$h0938
=CAT  \\$aW1606-1753$c20171028$lBLL01$h1352
=CAT  \\$aW2011-1472$b00$c20201127$lBLL01$h1833
=FIN  \\$aY$d20130610
=LAS  \\$aW2011-1472$b00$c20201127$lBLL01$h1833

