=LDR  02108 gm a2200553uu 4500
=001  016427909
=003  Uk
=005  20201127183324.0
=008  100813s2001\\\\xx\|||\|||||||||||mleng\d
=FMT  \\$a  VM
=035  \\$aASP764634/ant1
=245  00$aDivided Loyalties
=260  \\$aWatertown, MA$bDocumentary Educational Resources (DER)$c2001
=306  \\$a56 minutes
=490  0\$aEthnographic Video Online, Volume 1
=505  00$aDivided Loyalties studies the stories of Greek and Turkish Cypriot refugees and nationals who seek to reconcile their fractured heritage from the history of the proud, yet divided island: Cyprus.
=546  \\$aIn English
=650  04$aBritish
=650  04$aTurk
=650  04$aCypriot
=650  04$aGreek
=650  \4$aRefugees
=650  \4$aInvasions
=650  \4$aCultural change and history
=650  \4$aCultural identity
=650  \4$aColonialism
=700  1\$aConstantinou, Sophia.$4pro
=700  1\$aConstantinou, Sophia.$4aut
=700  1\$aConstantinou, Sophia.$4drt
=700  1\$aConstantinou, Christos$4oth
=700  1\$aKaraoglu, Sema$4oth
=700  1\$aKarayiannis, Maria$4oth
=700  1\$aKatsellē, Rēna.$4oth
=700  1\$aLoulloupis, Michael$4oth
=773  0\$dWatertown, MA : Documentary Educational Resources (DER), 2001
=856  40$uhttp://www.aspresolver.com/aspresolver.asp?ANTH;764634$yAlexander Street Press Ethnographic Video Online
=859  \\$aORR$bAlexander Street Press
=883  0\$aLanguage codes assigned by Bayesian analysis of words present in record$d20201028$qUk$c0.9010
=985  \\$aUpgraded by BSS-generated file for WR2011-1472
=CAT  \\$aWR13_071$b00$c20130610$lBLL01$h1613
=CAT  \\$aBATCH$b00$c20130610$lBLL01$h1613
=CAT  \\$aBATCH-UPD$b00$c20160125$lBLL01$h2049
=CAT  \\$a12640$b40$c20160318$lBLL01$h1555
=CAT  \\$aWR16_088$c20160606$lBLL01$h1632
=CAT  \\$aW1610-0368$c20161006$lBLL01$h0938
=CAT  \\$aW1606-1753$c20171028$lBLL01$h1352
=CAT  \\$aW2011-1472$b00$c20201127$lBLL01$h1833
=FIN  \\$aY$d20130610
=LAS  \\$aW2011-1472$b00$c20201127$lBLL01$h1833

