=LDR  02167 gm a2200625uu 4500
=001  016427910
=003  Uk
=005  20201127183324.0
=008  100813s1991\\\\xx\|||\|||||||||||mleng\d
=FMT  \\$a  VM
=035  \\$aASP1647051/ant1
=245  00$aDo They Feel My Shadow
=260  \\$aLondon, England$bBritish Broadcasting Corporation (BBC)$c1991
=306  \\$a49 minutes
=490  0\$aEthnographic Video Online, Volume 1
=505  00$aIn English
=650  04$aPalestinian
=650  04$aJewish-Israeli
=650  \4$aWounds and injuries
=650  \4$aRebellions
=650  \4$aFights and riots
=650  \4$aEmotions and feelings
=650  \4$aMilitary occupations
=650  \4$aMilitary personnel
=650  \4$aPsychology
=650  \4$aChildren
=700  1\$aClaxton, Nicholas.$4pro
=700  1\$aFarrow, Cherry.$4pro
=700  1\$aClaxton, Nicholas.$4aut
=700  1\$aClaxton, Nicholas.$4drt
=700  1\$aAbu-Dahi, Kamilia$4oth
=700  1\$aAbu-Dah, Karim$4oth
=700  1\$aAbu-Shanab, Mohammad$4oth
=700  1\$aAl-Shami, Fatima$4oth
=700  1\$aAl-Shami, Jihad$4oth
=700  1\$aBentolila, Esther$4oth
=700  1\$aEl-Sarraj, Eyad$4oth
=700  1\$aGissen, Ranaan$4oth
=700  1\$aHellis, Marwan$4oth
=700  1\$aShaul, Shmuely$4oth
=700  1\$aClaxton, Nicholas.$4nrt
=773  0\$dLondon, England : British Broadcasting Corporation (BBC), 1991
=856  40$uhttp://www.aspresolver.com/aspresolver.asp?ANTH;1647051$yAlexander Street Press Ethnographic Video Online
=859  \\$aORR$bAlexander Street Press
=883  0\$aLanguage codes assigned by Bayesian analysis of words present in record$d20201028$qUk$c0.9010
=985  \\$aUpgraded by BSS-generated file for WR2011-1472
=CAT  \\$aWR13_071$b00$c20130610$lBLL01$h1613
=CAT  \\$aBATCH$b00$c20130610$lBLL01$h1613
=CAT  \\$aWR16_088$c20160606$lBLL01$h1632
=CAT  \\$aBATCH-UPD$b00$c20160606$lBLL01$h1633
=CAT  \\$aW1610-0368$c20161006$lBLL01$h0938
=CAT  \\$aW1606-1753$c20171028$lBLL01$h1352
=CAT  \\$aW2011-1472$b00$c20201127$lBLL01$h1833
=FIN  \\$aY$d20130610
=LAS  \\$aW2011-1472$b00$c20201127$lBLL01$h1833

