=LDR  02037 gm a2200457uu 4500
=001  016427911
=003  Uk
=005  20201127183324.0
=008  100813s1961\\\\xx\|||\|||||||||||mleng\d
=FMT  \\$a  VM
=035  \\$aASP764636/ant1
=245  00$aDodoth Morning
=260  \\$aWatertown, MA$bDocumentary Educational Resources (DER)$c1961
=306  \\$a16 minutes
=490  0\$aEthnographic Video Online, Volume 1
=505  00$aRecorded in 1961
=520  3\$aDodoth Morning was the first film by the pioneering filmmaker, Timothy Asch who is best known for his collaborations with anthropologists such as Napoleon Chagnon, Linda Connor, Patsy Asch, and E. Douglas Lewis. Shot in northeast Uganda in 1961, a year when too much rain threatened to rot the millet the Dodoth people grew to supplement their diet. Primarily a pastoral people, the Dodoth depended on their herds of oxen for food and to determine wealth.
=546  \\$aIn English
=650  04$aDodoth
=650  \4$aFilmmaking
=650  \4$aAnthropology
=650  \4$aGender roles
=650  \4$aAgriculture
=650  \4$aFamine
=700  1\$aAsch, Timothy.$4pro
=700  1\$aAsch, Timothy.$4aut
=700  1\$aAsch, Timothy.$4drt
=773  0\$dWatertown, MA : Documentary Educational Resources (DER), 1961
=856  40$uhttp://www.aspresolver.com/aspresolver.asp?ANTH;764636$yAlexander Street Press Ethnographic Video Online
=859  \\$aORR$bAlexander Street Press
=883  0\$aLanguage codes assigned by Bayesian analysis of words present in record$d20201028$qUk$c0.9010
=985  \\$aUpgraded by BSS-generated file for WR2011-1472
=CAT  \\$aWR13_071$b00$c20130610$lBLL01$h1613
=CAT  \\$aBATCH$b00$c20130610$lBLL01$h1613
=CAT  \\$aWR16_088$c20160606$lBLL01$h1632
=CAT  \\$aBATCH-UPD$b00$c20160606$lBLL01$h1634
=CAT  \\$aW1610-0368$c20161006$lBLL01$h0938
=CAT  \\$aW1606-1753$c20171028$lBLL01$h1352
=CAT  \\$aW2011-1472$b00$c20201127$lBLL01$h1833
=FIN  \\$aY$d20130610
=LAS  \\$aW2011-1472$b00$c20201127$lBLL01$h1833

