=LDR  02236 gm a2200469uu 4500
=001  016427912
=003  Uk
=005  20201127183324.0
=008  100813s2007\\\\xx\|||\|||||||||||mleng\d
=FMT  \\$a  VM
=035  \\$aASP764638/ant1
=245  00$aDollars and Dreams: West Africans in New York
=260  \\$aWatertown, MA$bDocumentary Educational Resources (DER)$c2007
=306  \\$a56 minutes
=490  0\$aEthnographic Video Online, Volume 1
=505  00$aDollars and Dreams is a documentary film focused on the pursuits and challenges of numerous West African immigrants as they confront the idea of the American Dream and the reality of the New York experience. Including additional perspective from scholars, authors, and community leaders, the film creates a vibrant portrait of African achievement throughout the city, while exploring the complicated issues African immigrants face as they balance their deep connections to Africa and their enthusiastic commitments to America.
=546  \\$aIn English
=650  04$aWest African
=650  \4$aBusiness
=650  \4$aEmployment opportunities
=650  \4$aCultural identity
=650  \4$aCultural assimilation
=650  \4$aUrban population
=650  \4$aImmigrant populations
=700  1\$aOuedraogo, Abdel Kader.$4pro
=700  1\$aRocklin, Jeremy.$4pro
=700  1\$aRocklin, Jeremy.$4aut
=700  1\$aRocklin, Jeremy.$4drt
=773  0\$dWatertown, MA : Documentary Educational Resources (DER), 2007
=856  40$uhttp://www.aspresolver.com/aspresolver.asp?ANTH;764638$yAlexander Street Press Ethnographic Video Online
=859  \\$aORR$bAlexander Street Press
=883  0\$aLanguage codes assigned by Bayesian analysis of words present in record$d20201028$qUk$c0.9010
=985  \\$aUpgraded by BSS-generated file for WR2011-1472
=CAT  \\$aWR13_071$b00$c20130610$lBLL01$h1613
=CAT  \\$aBATCH$b00$c20130610$lBLL01$h1613
=CAT  \\$aWR16_088$c20160606$lBLL01$h1632
=CAT  \\$aBATCH-UPD$b00$c20160606$lBLL01$h1634
=CAT  \\$aW1610-0368$c20161006$lBLL01$h0938
=CAT  \\$aW1606-1753$c20171028$lBLL01$h1352
=CAT  \\$aW2011-1472$b00$c20201127$lBLL01$h1833
=FIN  \\$aY$d20130610
=LAS  \\$aW2011-1472$b00$c20201127$lBLL01$h1833

