=LDR  02427 gm a2200457uu 4500
=001  016427913
=003  Uk
=005  20201127183324.0
=008  100813s9999\\\\xx\|||\|||||||||||mleng\d
=FMT  \\$a  VM
=035  \\$aASP1689334/ant1
=245  00$aDonkey Without a Tail
=260  \\$aNew York, NY$bFilmakers Library
=306  \\$a30 minutes
=490  0\$aEthnographic Video Online, Volume 1
=505  00$aTrash collecting may sound dismal, but in this film, shot in Rio de Janeiro, the people featured are undaunted, and proud of their survival skills. They make their living picking through trash in search of recyclable material and are popularly known as donkeys without a tail. This occupation traces its roots to the job of garrafeiro, or "bottle collector." Portuguese immigrants to Brazil made their living pushing wooden carts down the street to collect bottles (thus their nickname bears the allusion to pack animals.) The early immigrants sold only bottles and other containers that could be re-used. Today trash collectors work with a wide variety of materials; plastics, glass, iron, copper, paper, and cardboard. By following the daily route of five of these energetic collectors we come into contact with one aspect of urban life in Brazil.
=546  \\$aIn Portuguese, Subtitles in English
=650  04$aPortuguese
=650  04$aBrazilian
=650  \4$aCollecting
=650  \4$aOccupations
=650  \4$aRecycling industry
=650  \4$aEconomic conditions
=650  \4$aUrban life
=700  1\$aBloch, Sérgio.$4pro
=700  1\$aBloch, Sérgio.$4aut
=700  1\$aBloch, Sérgio.$4drt
=773  0\$dNew York, NY : Filmakers Library
=856  40$uhttp://www.aspresolver.com/aspresolver.asp?ANTH;1689334$yAlexander Street Press Ethnographic Video Online
=859  \\$aORR$bAlexander Street Press
=883  0\$aLanguage codes assigned by Bayesian analysis of words present in record$d20201028$qUk$c0.9010
=985  \\$aUpgraded by BSS-generated file for WR2011-1472
=CAT  \\$aWR13_071$b00$c20130610$lBLL01$h1613
=CAT  \\$aBATCH$b00$c20130610$lBLL01$h1613
=CAT  \\$aBATCH-UPD$b00$c20130610$lBLL01$h1622
=CAT  \\$aWR16_088$c20160606$lBLL01$h1632
=CAT  \\$aW1610-0368$c20161006$lBLL01$h0938
=CAT  \\$aW1606-1753$c20171028$lBLL01$h1352
=CAT  \\$aW2011-1472$b00$c20201127$lBLL01$h1833
=FIN  \\$aY$d20130610
=LAS  \\$aW2011-1472$b00$c20201127$lBLL01$h1833

