=LDR  02262 gm a2200493uu 4500
=001  016427914
=003  Uk
=005  20201127183324.0
=008  100813s2004\\\\xx\|||\|||||||||||mleng\d
=FMT  \\$a  VM
=035  \\$aASP764640/ant1
=245  00$aDon't Fence Me In: Major Mary and The Karen Refugees from Burma
=260  \\$aWatertown, MA$bDocumentary Educational Resources (DER)$c2004
=306  \\$a30 minutes
=490  0\$aEthnographic Video Online, Volume 1
=505  00$aSince 1962, Burma has been ruled by a military junta. Life has deteriorated markedly for its citizens. Despite its former prosperity and its rich resources, it was voted least developed nation by the UN in 1987, and human rights atrocities continue to prevail. Forced from their homes by the government, more than 100,000 people live in refugee camps along the border between Burma and Thailand; hundreds of thousands more hide in jungles on the Burma side. They are the Karen people, one of the largest ethnic groups in Burma.
=546  \\$aIn English
=650  04$aKaren
=650  04$aBurmese
=650  \4$aRefugee camps
=650  \4$aWar
=650  \4$aCultural identity
=650  \4$aRevitalization and ethnogenesis
=650  \4$aTotalitarianism
=650  \4$aHuman rights
=650  \4$aMartial law
=700  1\$aGumnit, Ruth.$4pro
=700  1\$aGumnit, Ruth.$4aut
=700  1\$aGumnit, Ruth.$4drt
=700  1\$aOň, Mary$4oth
=773  0\$dWatertown, MA : Documentary Educational Resources (DER), 2004
=856  40$uhttp://www.aspresolver.com/aspresolver.asp?ANTH;764640$yAlexander Street Press Ethnographic Video Online
=859  \\$aORR$bAlexander Street Press
=883  0\$aLanguage codes assigned by Bayesian analysis of words present in record$d20201028$qUk$c0.9010
=985  \\$aUpgraded by BSS-generated file for WR2011-1472
=CAT  \\$aWR13_071$b00$c20130610$lBLL01$h1613
=CAT  \\$aBATCH$b00$c20130610$lBLL01$h1613
=CAT  \\$aWR16_088$c20160606$lBLL01$h1632
=CAT  \\$aBATCH-UPD$b00$c20160606$lBLL01$h1634
=CAT  \\$aW1610-0368$c20161006$lBLL01$h0938
=CAT  \\$aW1606-1753$c20171028$lBLL01$h1352
=CAT  \\$aW2011-1472$b00$c20201127$lBLL01$h1833
=FIN  \\$aY$d20130610
=LAS  \\$aW2011-1472$b00$c20201127$lBLL01$h1833

