=LDR  02020 gm a2200481uu 4500
=001  016427915
=003  Uk
=005  20201127183324.0
=008  100813s1995\\\\xx\|||\|||||||||||mleng\d
=FMT  \\$a  VM
=035  \\$aASP764642/ant1
=245  00$aDown To Earth - Adobe In New Mexico
=260  \\$aWatertown, MA$bDocumentary Educational Resources (DER)$c1995
=306  \\$a29 minutes
=490  0\$aEthnographic Video Online, Volume 1
=505  00$aThis fascinating multidisciplinary social history investigates the contributions of New Mexico's diverse cultures to the state's unique architectural heritage. Today adobe is often associated with wealth and the "Santa Fe Style." But adobe architecture also continues to play a vital role in Native American and Hispanic cultures in New Mexico.
=546  \\$aIn English
=650  04$aAmerican Indian
=650  04$aLatino
=650  \4$aUrban life
=650  \4$aTourism industry
=650  \4$aSocial classes
=650  \4$aEnvironment
=650  \4$aHousebuilding
=650  \4$aDwellings
=700  1\$aFreeman, Mark.$4pro
=700  1\$aFreeman, Mark.$4aut
=700  1\$aFreeman, Mark.$4drt
=700  1\$aBrysk, Alison$4ctb
=773  0\$dWatertown, MA : Documentary Educational Resources (DER), 1995
=856  40$uhttp://www.aspresolver.com/aspresolver.asp?ANTH;764642$yAlexander Street Press Ethnographic Video Online
=859  \\$aORR$bAlexander Street Press
=883  0\$aLanguage codes assigned by Bayesian analysis of words present in record$d20201028$qUk$c0.9010
=985  \\$aUpgraded by BSS-generated file for WR2011-1472
=CAT  \\$aWR13_071$b00$c20130610$lBLL01$h1613
=CAT  \\$aBATCH$b00$c20130610$lBLL01$h1613
=CAT  \\$aWR16_088$c20160606$lBLL01$h1632
=CAT  \\$aBATCH-UPD$b00$c20160606$lBLL01$h1634
=CAT  \\$aW1610-0368$c20161006$lBLL01$h0938
=CAT  \\$aW1606-1753$c20171028$lBLL01$h1352
=CAT  \\$aW2011-1472$b00$c20201127$lBLL01$h1833
=FIN  \\$aY$d20130610
=LAS  \\$aW2011-1472$b00$c20201127$lBLL01$h1833

