=LDR  01657 gm a2200481uu 4500
=001  016427916
=003  Uk
=005  20201127183324.0
=008  100813s1994\\\\xx\|||\|||||||||||mleng\d
=FMT  \\$a  VM
=035  \\$aASP1647039/ant1
=245  00$aDream Girls
=260  \\$aLondon, England$bBritish Broadcasting Corporation (BBC)$c1994
=306  \\$a48 minutes
=490  0\$aEthnographic Video Online, Volume 1
=505  00$aIn English
=650  04$aJapanese
=650  \4$aActing
=650  \4$aAdmiration
=650  \4$aRomance
=650  \4$aSchools
=650  \4$aPerforming life
=650  \4$aCross-dressing
=650  \4$aMusical theater
=650  \4$aActors
=700  1\$aLonginotto, Kim.$4aut
=700  1\$aLonginotto, Kim.$4drt
=700  1\$aWilliams, Jano.$4drt
=700  1\$aNoguchi, Shuko.$4nrt
=773  0\$dLondon, England : British Broadcasting Corporation (BBC), 1994
=856  40$uhttp://www.aspresolver.com/aspresolver.asp?ANTH;1647039$yAlexander Street Press Ethnographic Video Online
=859  \\$aORR$bAlexander Street Press
=883  0\$aLanguage codes assigned by Bayesian analysis of words present in record$d20201028$qUk$c0.9010
=985  \\$aUpgraded by BSS-generated file for WR2011-1472
=CAT  \\$aWR13_071$b00$c20130610$lBLL01$h1613
=CAT  \\$aBATCH$b00$c20130610$lBLL01$h1613
=CAT  \\$aWR16_088$c20160606$lBLL01$h1632
=CAT  \\$aBATCH-UPD$b00$c20160606$lBLL01$h1634
=CAT  \\$aW1610-0368$c20161006$lBLL01$h0938
=CAT  \\$aW1606-1753$c20171028$lBLL01$h1352
=CAT  \\$aW2011-1472$b00$c20201127$lBLL01$h1833
=FIN  \\$aY$d20130610
=LAS  \\$aW2011-1472$b00$c20201127$lBLL01$h1833

