=LDR  01938 gm a2200469uu 4500
=001  016427917
=003  Uk
=005  20201127183324.0
=008  100813s9999\\\\xx\|||\|||||||||||mleng\d
=FMT  \\$a  VM
=035  \\$aASP1796752/ant1
=245  00$aThe Dream
=260  \\$aOslo, Norway$bNordic World
=306  \\$a53 minutes
=490  0\$aEthnographic Video Online, Volume 1
=520  3\$aBehind all landscapes there is a story, and a dream of a better life. These are the stories we are searching for, among mountain farmers in Norway, among cork harvesters in Spain and among colourful tulip farmers in the Netherlands. We shall make a deposit in the seed bank in Svalbard and meet a young, beautiful weed killer in Iraq. And finally, we shall pursue the dream of Paradise on Earth.
=546  \\$aIn English
=650  04$aIraqi
=650  04$aDutch
=650  04$aSpanish
=650  04$aNorwegian
=650  \4$aAgricultural conditions
=650  \4$aGardening
=650  \4$aFarming
=650  \4$aGeographical features
=700  1\$aHellum, Thomas$4drt
=700  1\$aSaebo, Nils Arne$4drt
=700  1\$aPeel, Richard.$4nrt
=773  0\$dOslo, Norway : Nordic World
=856  40$uhttp://www.aspresolver.com/aspresolver.asp?ANTH;1796752$yAlexander Street Press Ethnographic Video Online
=859  \\$aORR$bAlexander Street Press
=883  0\$aLanguage codes assigned by Bayesian analysis of words present in record$d20201028$qUk$c0.9010
=985  \\$aUpgraded by BSS-generated file for WR2011-1472
=CAT  \\$aWR13_071$b00$c20130610$lBLL01$h1613
=CAT  \\$aBATCH$b00$c20130610$lBLL01$h1613
=CAT  \\$aWR16_088$c20160606$lBLL01$h1632
=CAT  \\$aBATCH-UPD$b00$c20160606$lBLL01$h1634
=CAT  \\$aW1610-0368$c20161006$lBLL01$h0938
=CAT  \\$aW1606-1753$c20171028$lBLL01$h1352
=CAT  \\$aW2011-1472$b00$c20201127$lBLL01$h1833
=FIN  \\$aY$d20130610
=LAS  \\$aW2011-1472$b00$c20201127$lBLL01$h1833

