=LDR  01913 gm a2200553uu 4500
=001  016427918
=003  Uk
=005  20201127183324.0
=008  100813s1993\\\\xx\|||\|||||||||||mleng\d
=FMT  \\$a  VM
=035  \\$aASP1646979/ant1
=245  00$aDreams From the Forest
=260  \\$aLondon, England$bBritish Broadcasting Corporation (BBC)$c1993
=306  \\$a47 minutes
=490  0\$aEthnographic Video Online, Volume 1
=505  00$aIn English
=650  04$aMehinaku
=650  \4$aJealousy
=650  \4$aMenstruation
=650  \4$aPhysical illnesses
=650  \4$aHousehold moves
=650  \4$aReligious rites and ceremonies
=650  \4$aReligious beliefs
=650  \4$aMyths and legends
=650  \4$aWrestling
=650  \4$aSexual intercourse
=650  \4$aDreams
=650  \4$aCultural identity
=650  \4$aDavidson, John-Paul$4pro
=700  1\$aGregor, Thomas A.$4aut
=700  0\$aBatista.$4oth
=700  1\$aJaka$4oth
=700  1\$aMaintyakalu$4oth
=700  1\$aMills, Roger.$4nrt
=773  0\$dLondon, England : British Broadcasting Corporation (BBC), 1993
=856  40$uhttp://www.aspresolver.com/aspresolver.asp?ANTH;1646979$yAlexander Street Press Ethnographic Video Online
=859  \\$aORR$bAlexander Street Press
=883  0\$aLanguage codes assigned by Bayesian analysis of words present in record$d20201028$qUk$c0.9010
=985  \\$aUpgraded by BSS-generated file for WR2011-1472
=CAT  \\$aWR13_071$b00$c20130610$lBLL01$h1613
=CAT  \\$aBATCH$b00$c20130610$lBLL01$h1613
=CAT  \\$aBATCH-UPD$b00$c20141215$lBLL01$h0304
=CAT  \\$aBATCH-UPD$b00$c20160109$lBLL01$h1708
=CAT  \\$aWR16_088$c20160606$lBLL01$h1632
=CAT  \\$aW1610-0368$c20161006$lBLL01$h0938
=CAT  \\$aW1606-1753$c20171028$lBLL01$h1352
=CAT  \\$aW2011-1472$b00$c20201127$lBLL01$h1833
=FIN  \\$aY$d20130610
=LAS  \\$aW2011-1472$b00$c20201127$lBLL01$h1833

