=LDR  02386 gm a2200469uu 4500
=001  016427919
=003  Uk
=005  20201127183324.0
=008  100813s9999\\\\xx\|||\|||||||||||mleng\d
=FMT  \\$a  VM
=035  \\$aASP1796766/ant1
=245  00$aDreams of Catches Unlimited
=260  \\$aOslo, Norway$bNordic World
=306  \\$a52 minutes
=490  0\$aEthnographic Video Online, Volume 1
=520  3\$aThis programme shows how man has harvested the riches of the deep. Dreams of enormous catches have provided the incentive, but dreams are notably nebulous: for some, admittedly, their dreams have come true, but for others they have turned into nightmares.We meet fishermen on the Pacific island of Mitiaro, and with them fish for parrotfish on the offshore coral reefs. We take part in the world's largest fishery, that for anchovies off the coast of Peru. In China we learn how the world's premier fish-farming nation utilizes its age-old knowledge of. nature to feed millions of people. We also meet a group of affluent fishwives in Ghana and explore the bed of the Aral Sea in Kasakhstan together with local fishermen, men whose livelihood is slowly wasting away as the sea has dried out to less than half its natural size.
=546  \\$aIn English
=650  04$aCook Islander
=650  04$aGhanian
=650  04$aKazakh
=650  04$aChinese
=650  04$aPeruvian
=650  \4$aFish
=650  \4$aCommercial fishing
=700  1\$aHoyheim, Kjell Jarle$4pro
=700  1\$aMidttun, Knut$4pro
=700  1\$aDale, Terje.$4drt
=700  1\$aSaebo, Nils Arne$4drt
=773  0\$dOslo, Norway : Nordic World
=856  40$uhttp://www.aspresolver.com/aspresolver.asp?ANTH;1796766$yAlexander Street Press Ethnographic Video Online
=859  \\$aORR$bAlexander Street Press
=883  0\$aLanguage codes assigned by Bayesian analysis of words present in record$d20201028$qUk$c0.9010
=985  \\$aUpgraded by BSS-generated file for WR2011-1472
=CAT  \\$aWR13_071$b00$c20130610$lBLL01$h1613
=CAT  \\$aBATCH$b00$c20130610$lBLL01$h1613
=CAT  \\$aWR16_088$c20160606$lBLL01$h1632
=CAT  \\$aBATCH-UPD$b00$c20160606$lBLL01$h1634
=CAT  \\$aW1610-0368$c20161006$lBLL01$h0938
=CAT  \\$aW1606-1753$c20171028$lBLL01$h1352
=CAT  \\$aW2011-1472$b00$c20201127$lBLL01$h1833
=FIN  \\$aY$d20130610
=LAS  \\$aW2011-1472$b00$c20201127$lBLL01$h1833

