=LDR  02132 gm a2200541uu 4500
=001  016427920
=003  Uk
=005  20201127183324.0
=008  100813s2001\\\\xx\|||\|||||||||||mleng\d
=FMT  \\$a  VM
=035  \\$aASP764644/ant1
=245  00$aDuka's Dilemma
=260  \\$aWatertown, MA$bDocumentary Educational Resources (DER)$c2001
=306  \\$a87 minutes
=490  0\$aEthnographic Video Online, Volume 1
=505  00$aPersonal and intimate, this film follows the drama of a Hamar family in crisis, the high points of which are the birth of the new wife's child, and nine months later, a heated dispute between the mother-in-law and her son, which leads to the building of a new house.
=546  \\$aIn Hamer-Banna, Subtitles in English
=650  04$aHammere
=650  \4$aElderly people
=650  \4$aHairstyles
=650  \4$aChildren's play
=650  \4$aChildbirth
=650  \4$aMarital estrangement
=650  \4$aPolygamous marriages
=650  \4$aGender roles
=700  1\$aLydall, Jean.$4pro
=700  1\$aStrecker, Kaira.$4pro
=700  1\$aLydall, Jean.$4aut
=700  1\$aLydall, Jean.$4drt
=700  1\$aStrecker, Kaira.$4drt
=700  0\$aBoro.$4oth
=700  0\$aDuka.$4oth
=700  1\$aSago$4oth
=773  0\$dWatertown, MA : Documentary Educational Resources (DER), 2001
=856  40$uhttp://www.aspresolver.com/aspresolver.asp?ANTH;764644$yAlexander Street Press Ethnographic Video Online
=859  \\$aORR$bAlexander Street Press
=883  0\$aLanguage codes assigned by Bayesian analysis of words present in record$d20201028$qUk$c0.9010
=985  \\$aUpgraded by BSS-generated file for WR2011-1472
=CAT  \\$aWR13_071$b00$c20130610$lBLL01$h1613
=CAT  \\$aBATCH$b00$c20130610$lBLL01$h1613
=CAT  \\$aBATCH-UPD$b00$c20130610$lBLL01$h1622
=CAT  \\$aWR16_088$c20160606$lBLL01$h1632
=CAT  \\$aBATCH-UPD$b00$c20160606$lBLL01$h1634
=CAT  \\$aW1610-0368$c20161006$lBLL01$h0938
=CAT  \\$aW1606-1753$c20171028$lBLL01$h1352
=CAT  \\$aW2011-1472$b00$c20201127$lBLL01$h1833
=FIN  \\$aY$d20130610
=LAS  \\$aW2011-1472$b00$c20201127$lBLL01$h1833

