=LDR  02999 gm a2200469uu 4500
=001  016427921
=003  Uk
=005  20201127183324.0
=008  100813s9999\\\\xx\|||\|||||||||||mleng\d
=FMT  \\$a  VM
=035  \\$aASP1879558/ant1
=245  00$aDuminea: A Festival for the Water Spirits
=260  \\$aLondon, UK$bRoyal Anthropological Institute
=306  \\$a18 minutes
=490  0\$aEthnographic Video Online, Volume 1
=505  00$aThe communal rituals of most villages of the Eastern Niger Delta focus on two great classes of spirits - the heroes and the water people. The heroes once lived with the men, founded their institutions and brought them their characteristic means of gaining a livelihood. Today, as spirits, they continue to maintain the established institutions and the skills with which people wrest a living from their environment. The water people, by contrast, have never lived with men: they are the creators and owners of the rivers and creeks, controlling the state of the waters and the abundance of fish. The little village of Soku, hidden in the heart of the eastern Delta, has a group of heroes headed by Fenibaso, and its creeks and rivers are controlled by the water-spirit Duminea. This film shows some highlights of the annual ritual for Duminea. As in most Kalabari festivals, spirit possession features prominently in the proceedings. The possession behaviour is controlled by public expectations, which lay down the stage of the proceedings at which each spirit will climb on his priest, as well as the patter of behaviour the latter will display once possessed. This type of possession, indeed, seems best considered, not as a primitive abnormality but as a public chore for which the community commandeers the bodies of perfectly normal citizens.
=546  \\$aIn English
=650  04$aNigerian
=650  \4$aSpiritual possession
=650  \4$aGuardian spirits
=650  \4$aCommunity events
=650  \4$aRivers
=650  \4$aReligious festivals
=650  \4$aReligious rites and ceremonies
=700  1\$aHorton, Robin.$4pro
=700  1\$aSpeed, Frank$4pro
=700  1\$aHorton, Robin.$4drt
=700  1\$aSpeed, Frank$4drt
=773  0\$dLondon, UK : Royal Anthropological Institute
=856  40$uhttp://www.aspresolver.com/aspresolver.asp?ANTH;1879558$yAlexander Street Press Ethnographic Video Online
=859  \\$aORR$bAlexander Street Press
=883  0\$aLanguage codes assigned by Bayesian analysis of words present in record$d20201028$qUk$c0.9010
=985  \\$aUpgraded by BSS-generated file for WR2011-1472
=CAT  \\$aWR13_071$b00$c20130610$lBLL01$h1613
=CAT  \\$aBATCH$b00$c20130610$lBLL01$h1613
=CAT  \\$aWR16_088$c20160606$lBLL01$h1632
=CAT  \\$aBATCH-UPD$b00$c20160606$lBLL01$h1634
=CAT  \\$aW1610-0368$c20161006$lBLL01$h0938
=CAT  \\$aW1606-1753$c20171028$lBLL01$h1352
=CAT  \\$aW2011-1472$b00$c20201127$lBLL01$h1833
=FIN  \\$aY$d20130610
=LAS  \\$aW2011-1472$b00$c20201127$lBLL01$h1833

