=LDR  01640 gm a2200421uu 4500
=001  016427923
=003  Uk
=005  20201127183324.0
=008  100813s9999\\\\xx\|||\|||||||||||mleng\d
=FMT  \\$a  VM
=035  \\$aASP1779531/ant1
=245  00$aDust And Ashes
=260  \\$aLondon, England$bBritish Broadcasting Corporation (BBC)
=306  \\$a50 minutes
=490  0\$aEthnographic Video Online, Volume 1
=505  00$aEvery twelve years, Hindu holy men and 15 million pilgrims gather in Allahabad, at the confluence of the Ganges and Yamuna river, for the Kumbh Mela.
=546  \\$aIn English
=650  04$aIndian
=650  \4$aPilgrimage
=650  \4$aReligious festivals
=650  \4$aCultural identity
=650  \4$aHinduism
=700  1\$aBedi, Naresh.$4drt
=700  1\$aYorke, Michael.$4drt
=773  0\$dLondon, England : British Broadcasting Corporation (BBC)
=856  40$uhttp://www.aspresolver.com/aspresolver.asp?ANTH;1779531$yAlexander Street Press Ethnographic Video Online
=859  \\$aORR$bAlexander Street Press
=883  0\$aLanguage codes assigned by Bayesian analysis of words present in record$d20201028$qUk$c0.9010
=985  \\$aUpgraded by BSS-generated file for WR2011-1472
=CAT  \\$aWR13_071$b00$c20130610$lBLL01$h1613
=CAT  \\$aBATCH$b00$c20130610$lBLL01$h1613
=CAT  \\$aWR16_088$c20160606$lBLL01$h1632
=CAT  \\$aBATCH-UPD$b00$c20160606$lBLL01$h1634
=CAT  \\$aW1610-0368$c20161006$lBLL01$h0938
=CAT  \\$aW1606-1753$c20171028$lBLL01$h1352
=CAT  \\$aW2011-1472$b00$c20201127$lBLL01$h1833
=FIN  \\$aY$d20130610
=LAS  \\$aW2011-1472$b00$c20201127$lBLL01$h1833

