=LDR  01633 gm a2200433uu 4500
=001  016427924
=003  Uk
=005  20201127183324.0
=008  100813s1992\\\\xx\|||\|||||||||||mleng\d
=FMT  \\$a  VM
=035  \\$aASP1689491/ant1
=245  00$aThe Eagle's Children
=260  \\$aRochester, NY$bEthnoscope$c1992
=306  \\$a39 minutes
=490  0\$aEthnographic Video Online, Volume 1
=505  00$aMexican-American "danzantes" travel to Chalma, Central Texas, and San Diego as they rediscover their indigenous heritage.
=546  \\$aIn Spanish, English
=650  04$aMexican-American
=650  \4$aFolklore
=650  \4$aCultural identity
=650  \4$aReligious rites and ceremonies
=650  \4$aSocial dances
=700  1\$aLane, Bruce.$4pro
=700  1\$aLane, Bruce.$4aut
=700  1\$aLane, Bruce.$4drt
=773  0\$dRochester, NY : Ethnoscope, 1992
=856  40$uhttp://www.aspresolver.com/aspresolver.asp?ANTH;1689491$yAlexander Street Press Ethnographic Video Online
=859  \\$aORR$bAlexander Street Press
=883  0\$aLanguage codes assigned by Bayesian analysis of words present in record$d20201028$qUk$c0.9010
=985  \\$aUpgraded by BSS-generated file for WR2011-1472
=CAT  \\$aWR13_071$b00$c20130610$lBLL01$h1613
=CAT  \\$aBATCH$b00$c20130610$lBLL01$h1613
=CAT  \\$aBATCH-UPD$b00$c20141221$lBLL01$h1553
=CAT  \\$aWR16_088$c20160606$lBLL01$h1632
=CAT  \\$aW1610-0368$c20161006$lBLL01$h0938
=CAT  \\$aW1606-1753$c20171028$lBLL01$h1352
=CAT  \\$aW2011-1472$b00$c20201127$lBLL01$h1833
=FIN  \\$aY$d20130610
=LAS  \\$aW2011-1472$b00$c20201127$lBLL01$h1833

