=LDR  01908 gm a2200469uu 4500
=001  016427925
=003  Uk
=005  20201127183324.0
=008  100813s1999\\\\xx\|||\|||||||||||mleng\d
=FMT  \\$a  VM
=035  \\$aASP764646/ant1
=245  00$aEarl's Canoe
=260  \\$aMadeline Island, WI$bDocumentary Educational Resources (DER)$c1999
=306  \\$a50 minutes
=490  0\$aEthnographic Video Online, Volume 1
=505  00$aRecorded in 1997
=520  3\$aWe meet Earl Nyholm, a member of the Ojibwe Nation, as he walks through the woods on Madeleine Island, Wisconsin. He's looking for just the right birch tree to select for the bark which will be used in the making of a traditional Ojibwe canoe.
=546  \\$aIn English
=650  04$aOjibwe
=650  \4$aTraditional history
=650  \4$aConstruction
=650  \4$aCrafts
=650  \4$aCanoes and kayaks
=700  1\$aVennum, Thomas, Jr.$4pro
=700  1\$aVennum, Thomas, Jr.$4aut
=700  1\$aWeber, Charles.$4drt
=700  1\$aVennum, Thomas, Jr.$4drt
=700  1\$aNyholm, Earl.$4oth
=773  0\$dMadeline Island, WI : Documentary Educational Resources (DER), 1999
=856  40$uhttp://www.aspresolver.com/aspresolver.asp?ANTH;764646$yAlexander Street Press Ethnographic Video Online
=859  \\$aORR$bAlexander Street Press
=883  0\$aLanguage codes assigned by Bayesian analysis of words present in record$d20201028$qUk$c0.9010
=985  \\$aUpgraded by BSS-generated file for WR2011-1472
=CAT  \\$aWR13_071$b00$c20130610$lBLL01$h1613
=CAT  \\$aBATCH$b00$c20130610$lBLL01$h1613
=CAT  \\$aWR16_088$c20160606$lBLL01$h1632
=CAT  \\$aBATCH-UPD$b00$c20160606$lBLL01$h1634
=CAT  \\$aW1610-0368$c20161006$lBLL01$h0938
=CAT  \\$aW1606-1753$c20171028$lBLL01$h1352
=CAT  \\$aW2011-1472$b00$c20201127$lBLL01$h1833
=FIN  \\$aY$d20130610
=LAS  \\$aW2011-1472$b00$c20201127$lBLL01$h1833

