=LDR  02068 gm a2200529uu 4500
=001  016427926
=003  Uk
=005  20201127183324.0
=008  100813s1979\\\\xx\|||\|||||||||||mleng\d
=FMT  \\$a  VM
=035  \\$aASP765364/ant1
=245  00$aThe Earth is Our Home
=260  \\$aWatertown, MA$bDocumentary Educational Resources (DER)$c1979
=306  \\$a30 minutes
=490  0\$aEthnographic Video Online, Volume 1
=505  00$aThis documentary about the early Indians of the Great Basin emphasizes the traditional culture of the last 5,000 years. The story unfolds through the words and skills of the older Piaute women of southeastern Oregon and northern Nevada.
=546  \\$aIn English
=650  04$aPaiute
=650  \4$aCrafts
=650  \4$aHunting
=650  \4$aForaging
=650  \4$aCultural identity
=650  \4$aTribal and national groups
=650  \4$aBasket making
=700  1\$aPatapoff, Elizabeth.$4pro
=700  1\$aPatapoff, Elizabeth.$4aut
=700  1\$aPatapoff, Elizabeth.$4drt
=700  1\$aFox, Emma.$4oth
=700  1\$aKennedy, Nepa$4oth
=700  1\$aLouie, Marian$4oth
=700  1\$aPhillips, Agnes$4oth
=700  1\$aTeeman, Bernice$4oth
=700  1\$aHanson, Lester B.$4nrt
=773  0\$dWatertown, MA : Documentary Educational Resources (DER), 1979
=856  40$uhttp://www.aspresolver.com/aspresolver.asp?ANTH;765364$yAlexander Street Press Ethnographic Video Online
=859  \\$aORR$bAlexander Street Press
=883  0\$aLanguage codes assigned by Bayesian analysis of words present in record$d20201028$qUk$c0.9010
=985  \\$aUpgraded by BSS-generated file for WR2011-1472
=CAT  \\$aWR13_071$b00$c20130610$lBLL01$h1613
=CAT  \\$aBATCH$b00$c20130610$lBLL01$h1613
=CAT  \\$aWR16_088$c20160606$lBLL01$h1632
=CAT  \\$aBATCH-UPD$b00$c20160606$lBLL01$h1634
=CAT  \\$aW1610-0368$c20161006$lBLL01$h0938
=CAT  \\$aW1606-1753$c20171028$lBLL01$h1352
=CAT  \\$aW2011-1472$b00$c20201127$lBLL01$h1833
=FIN  \\$aY$d20130610
=LAS  \\$aW2011-1472$b00$c20201127$lBLL01$h1833

