=LDR  02006 gm a2200445uu 4500
=001  016427927
=003  Uk
=005  20201127183324.0
=008  100813s1990\\\\xx\|||\|||||||||||mleng\d
=FMT  \\$a  VM
=035  \\$aASP764648/ant1
=245  00$aEdward O. Wilson: Reflections on a Life in Science
=260  \\$aWatertown, MA$bDocumentary Educational Resources (DER)$c1990
=306  \\$a60 minutes
=490  0\$aEthnographic Video Online, Volume 1
=505  00$aEdward O. Wilson, the Pelligrino University Professor and Honorary Curator of Entomology at Harvard University, is one of the world's most distinguished and controversial scientists. Through his books and lectures, Wilson has changed the way scientists and nonscientists alike view the natural world by fueling their enthusiasm for science and showing them its immediacy for their everyday lives.
=546  \\$aIn English
=650  04$aAmerican
=650  \4$aEnvironment
=650  \4$aSociobiology
=650  \4$aScientific method
=650  \4$aBiology
=650  \4$aScientists
=700  1\$aBaird-Middleton, Bruce$4pro
=700  1\$aBaird-Middleton, Bruce$4aut
=700  1\$aBaird-Middleton, Bruce$4drt
=700  1\$aWilson, Edward O., Ph.D.$4oth
=773  0\$dWatertown, MA : Documentary Educational Resources (DER), 1990
=856  40$uhttp://www.aspresolver.com/aspresolver.asp?ANTH;764648$yAlexander Street Press Ethnographic Video Online
=859  \\$aORR$bAlexander Street Press
=883  0\$aLanguage codes assigned by Bayesian analysis of words present in record$d20201028$qUk$c0.9010
=985  \\$aUpgraded by BSS-generated file for WR2011-1472
=CAT  \\$aWR13_071$b00$c20130610$lBLL01$h1613
=CAT  \\$aBATCH$b00$c20130610$lBLL01$h1613
=CAT  \\$aWR16_088$c20160606$lBLL01$h1632
=CAT  \\$aW1610-0368$c20161006$lBLL01$h0938
=CAT  \\$aW1606-1753$c20171028$lBLL01$h1352
=CAT  \\$aW2011-1472$b00$c20201127$lBLL01$h1833
=FIN  \\$aY$d20130610
=LAS  \\$aW2011-1472$b00$c20201127$lBLL01$h1833

