=LDR  01846 gm a2200469uu 4500
=001  016427928
=003  Uk
=005  20201127183324.0
=008  100813s1990\\\\xx\|||\|||||||||||mleng\d
=FMT  \\$a  VM
=035  \\$aASP764650/ant1
=245  00$aEl Moulid: Egyptian Religious Festival
=260  \\$aWatertown, MA$bDocumentary Educational Resources (DER)$c1990
=306  \\$a38 minutes
=490  0\$aEthnographic Video Online, Volume 1
=505  00$aThis film vividly captures the festive and religious mood of the very 700-year old moulid of the 13th century Muslim Wali, Sayyid Ahmad Al-Badawy, held annually in Tanta, Egypt during cotton harvest.
=546  \\$aIn English
=650  04$aEgyptian
=650  04$aArab
=650  \4$aAnthropology
=650  \4$aHarvesting
=650  \4$aChildbirth
=650  \4$aReligious rites and ceremonies
=650  \4$aReligion
=650  \4$aSufism
=700  1\$aEl Guindi, Fadwa.$4pro
=700  1\$aEl Guindi, Fadwa.$4aut
=700  1\$aEl Guindi, Fadwa.$4drt
=773  0\$dWatertown, MA : Documentary Educational Resources (DER), 1990
=856  40$uhttp://www.aspresolver.com/aspresolver.asp?ANTH;764650$yAlexander Street Press Ethnographic Video Online
=859  \\$aORR$bAlexander Street Press
=883  0\$aLanguage codes assigned by Bayesian analysis of words present in record$d20201028$qUk$c0.9010
=985  \\$aUpgraded by BSS-generated file for WR2011-1472
=CAT  \\$aWR13_071$b00$c20130610$lBLL01$h1613
=CAT  \\$aBATCH$b00$c20130610$lBLL01$h1613
=CAT  \\$aWR16_088$c20160606$lBLL01$h1632
=CAT  \\$aBATCH-UPD$b00$c20160606$lBLL01$h1634
=CAT  \\$aW1610-0368$c20161006$lBLL01$h0938
=CAT  \\$aW1606-1753$c20171028$lBLL01$h1352
=CAT  \\$aW2011-1472$b00$c20201127$lBLL01$h1833
=FIN  \\$aY$d20130610
=LAS  \\$aW2011-1472$b00$c20201127$lBLL01$h1833

