=LDR  02120 gm a2200469uu 4500
=001  016427929
=003  Uk
=005  20201127183324.0
=008  100813s1986\\\\xx\|||\|||||||||||mleng\d
=FMT  \\$a  VM
=035  \\$aASP764652/ant1
=245  00$aEl Sebou' : Egyptian Birth Ritual
=260  \\$aWatertown, MA$bDocumentary Educational Resources (DER)$c1986
=306  \\$a27 minutes
=490  0\$aEthnographic Video Online, Volume 1
=505  00$aIn Egypt, a birth ritual called el-sebou', meaning "the seventh", happens on the seventh day following the physical birth of a child of either sex and is celebrated by Coptic and Muslim families of all status groups, rural and urban. Characteristic of this ritual is the gender-linked imagery also manifest in the ritual clay pot. The ceremony celebrates the newborn's crossing a threshold from a neutral gender and status into a world of gender differentiation and family hierarchy.
=546  \\$aIn English
=650  04$aEgyptian
=650  04$aArab
=650  \4$aChildren
=650  \4$aCultural change and history
=650  \4$aRural population
=650  \4$aIslam
=650  \4$aChildbirth
=650  \4$aWomen
=700  1\$aEl Guindi, Fadwa.$4pro
=700  1\$aEl Guindi, Fadwa.$4aut
=700  1\$aEl Guindi, Fadwa.$4drt
=773  0\$dWatertown, MA : Documentary Educational Resources (DER), 1986
=856  40$uhttp://www.aspresolver.com/aspresolver.asp?ANTH;764652$yAlexander Street Press Ethnographic Video Online
=859  \\$aORR$bAlexander Street Press
=883  0\$aLanguage codes assigned by Bayesian analysis of words present in record$d20201028$qUk$c0.9010
=985  \\$aUpgraded by BSS-generated file for WR2011-1472
=CAT  \\$aWR13_071$b00$c20130610$lBLL01$h1613
=CAT  \\$aBATCH$b00$c20130610$lBLL01$h1613
=CAT  \\$aWR16_088$c20160606$lBLL01$h1632
=CAT  \\$aBATCH-UPD$b00$c20160606$lBLL01$h1634
=CAT  \\$aW1610-0368$c20161006$lBLL01$h0938
=CAT  \\$aW1606-1753$c20171028$lBLL01$h1352
=CAT  \\$aW2011-1472$b00$c20201127$lBLL01$h1833
=FIN  \\$aY$d20130610
=LAS  \\$aW2011-1472$b00$c20201127$lBLL01$h1833

