=LDR  02059 gm a2200445uu 4500
=001  016427931
=003  Uk
=005  20201127183324.0
=008  100813s9999\\\\xx\|||\|||||||||||mleng\d
=FMT  \\$a  VM
=035  \\$aASP1689418/ant1
=245  00$aThe Eleven Powers (Bali)
=260  \\$aNew York, NY$bFilmakers Library
=306  \\$a48 minutes
=490  0\$aEthnographic Video Online, Volume 1
=505  00$aThis film records the most spectacular sacred ceremony of the Balinese people. The Eka Dasa Rudra, or Festival of the 11 Powers, was held by order of the high priests to restore the balance between good and evil in the universe. The entire Balinese population of two million participated. In Bali, religion governs all aspects of life. A complex synthesis of Buddhism, animism, Sivaism and Hinduism, its rituals go back to the dawn of time. The film captures the sight and sound of this richly textured event.
=546  \\$aIn English
=650  04$aBalinese
=650  \4$aReligion
=650  \4$aCultural identity
=650  \4$aReligious rites and ceremonies
=650  \4$aHinduism
=700  1\$aGartenstein, Larry.$4pro
=700  1\$aCourtenay, Bryce$4aut
=700  1\$aHeimans, Frank.$4drt
=700  1\$aWelles, George Orson$4nrt
=773  0\$dNew York, NY : Filmakers Library
=856  40$uhttp://www.aspresolver.com/aspresolver.asp?ANTH;1689418$yAlexander Street Press Ethnographic Video Online
=859  \\$aORR$bAlexander Street Press
=883  0\$aLanguage codes assigned by Bayesian analysis of words present in record$d20201028$qUk$c0.9010
=985  \\$aUpgraded by BSS-generated file for WR2011-1472
=CAT  \\$aWR13_071$b00$c20130610$lBLL01$h1613
=CAT  \\$aBATCH$b00$c20130610$lBLL01$h1613
=CAT  \\$aWR16_088$c20160606$lBLL01$h1632
=CAT  \\$aBATCH-UPD$b00$c20160606$lBLL01$h1634
=CAT  \\$aW1610-0368$c20161006$lBLL01$h0938
=CAT  \\$aW1606-1753$c20171028$lBLL01$h1352
=CAT  \\$aW2011-1472$b00$c20201127$lBLL01$h1833
=FIN  \\$aY$d20130610
=LAS  \\$aW2011-1472$b00$c20201127$lBLL01$h1833

