=LDR  03030 gm a2200481uu 4500
=001  016427933
=003  Uk
=005  20201127183324.0
=008  100813s9999\\\\xx\|||\|||||||||||mleng\d
=FMT  \\$a  VM
=035  \\$aASP1689423/ant1
=245  00$aThe Emperor's Birthday
=260  \\$aNew York, NY$bFilmakers Library
=306  \\$a51 minutes
=490  0\$aEthnographic Video Online, Volume 1
=505  00$aWhen Emperor Haile Selassie of Ethiopia was overthrown in August, 1975, by Colonel Mengistu, sixty of his cabinet members were executed and he was never seen again. Yet there remained the belief among many Rastafarians that he was still alive. They continued to worship him as the Lion of Judah and considered him the Black Christ. The Emperor's Birthday, using old footage and interviews, sifts through the sequence of events that led to a Rastafarian movement in Ethiopia, England and the Caribbean. It shows that the movement was both political and spiritual. Curiously, the Emperor was mostly indifferent to them. In 1935, Mussolini invaded Ethiopia. Haile Selassie appealed unsuccessfully to the League of Nations for help. In reaction to this abandonment, there was an outpouring of support for him from people of African descent in the West. Marcus Garvey from Jamaica declared Africa for Africans and urged repatriation. Jazz in Harlem echoed with a longing for Africa. The film traces the preparations being made for the celebration of the Emperor's one hundredth birthday. We meet Rastas who had made arduous journeys from all over the world, and learn of the struggle with poverty faced by the ones who have settled in Ethiopia. This is probably as close a look as outsiders will get at a gentle, spiritual people who are closely identified with the African soul and whose ways have always aroused suspicion.
=546  \\$aIn English
=600  14$aSelassie, Haile
=650  04$aJamaican
=650  04$aAfrican American
=650  04$aEthiopian
=650  \4$aReligion
=650  \4$aReligious faiths
=650  \4$aReligious movements
=650  \4$aSpiritual leaders
=650  \4$aRastafarian
=700  1\$aDollar, John.$4pro
=700  1\$aDollar, John.$4aut
=700  1\$aDollar, John.$4drt
=773  0\$dNew York, NY : Filmakers Library
=856  40$uhttp://www.aspresolver.com/aspresolver.asp?ANTH;1689423$yAlexander Street Press Ethnographic Video Online
=859  \\$aORR$bAlexander Street Press
=883  0\$aLanguage codes assigned by Bayesian analysis of words present in record$d20201028$qUk$c0.9010
=985  \\$aUpgraded by BSS-generated file for WR2011-1472
=CAT  \\$aWR13_071$b00$c20130610$lBLL01$h1613
=CAT  \\$aBATCH$b00$c20130610$lBLL01$h1613
=CAT  \\$aBATCH-UPD$b00$c20141213$lBLL01$h2237
=CAT  \\$aWR16_088$c20160606$lBLL01$h1632
=CAT  \\$aW1610-0368$c20161006$lBLL01$h0938
=CAT  \\$aW1606-1753$c20171028$lBLL01$h1352
=CAT  \\$aW2011-1472$b00$c20201127$lBLL01$h1833
=FIN  \\$aY$d20130610
=LAS  \\$aW2011-1472$b00$c20201127$lBLL01$h1833

