=LDR  01838 gm a2200445uu 4500
=001  016427935
=003  Uk
=005  20201127183325.0
=008  100813s2003\\\\xx\|||\|||||||||||mleng\d
=FMT  \\$a  VM
=035  \\$aASP764654/ant1
=245  00$aEncountering Jean Rouch
=260  \\$aWatertown, MA$bDocumentary Educational Resources (DER)$c2003
=306  \\$a10 minutes
=490  0\$aEthnographic Video Online, Volume 1
=505  00$aRecorded in 2002
=520  3\$aThis short film was shot in 2002 during Bilan du Film Ethnographic for the purpose of introducing Jean Rouch to the audience at 2003 Taiwan International Ethnographic film festival. Unexpectedly, Jean Rouch passed away in 2004.
=600  14$aRouch, Jean.
=650  \4$aFilms and filmmaking careers
=650  \4$aBiographies
=650  \4$aAnthropology
=700  1\$aHu, Tai-Li$4pro
=700  1\$aHu, Tai-Li$4aut
=700  1\$aHu, Tai-Li$4drt
=700  1\$aRouch, Jean.$4oth
=773  0\$dWatertown, MA : Documentary Educational Resources (DER), 2003
=856  40$uhttp://www.aspresolver.com/aspresolver.asp?ANTH;764654$yAlexander Street Press Ethnographic Video Online
=859  \\$aORR$bAlexander Street Press
=883  0\$aLanguage codes assigned by Bayesian analysis of words present in record$d20201028$qUk$c0.9010
=985  \\$aUpgraded by BSS-generated file for WR2011-1472
=CAT  \\$aWR13_071$b00$c20130610$lBLL01$h1613
=CAT  \\$aBATCH$b00$c20130610$lBLL01$h1613
=CAT  \\$aBATCH-UPD$b00$c20130610$lBLL01$h1616
=CAT  \\$aWR16_088$c20160606$lBLL01$h1632
=CAT  \\$aBATCH-UPD$b00$c20160606$lBLL01$h1634
=CAT  \\$aW1610-0368$c20161006$lBLL01$h0938
=CAT  \\$aW1606-1753$c20171028$lBLL01$h1352
=CAT  \\$aW2011-1472$b00$c20201127$lBLL01$h1833
=FIN  \\$aY$d20130610
=LAS  \\$aW2011-1472$b00$c20201127$lBLL01$h1833

