=LDR  01950 gm a2200493uu 4500
=001  016427936
=003  Uk
=005  20201127183325.0
=008  100813s1993\\\\xx\|||\|||||||||||mleng\d
=FMT  \\$a  VM
=035  \\$aASP764934/ant1
=245  00$aEncounters: Meeting Ancestors
=260  \\$aWatertown, MA$bDocumentary Educational Resources (DER)$c1993
=306  \\$a22 minutes
=490  0\$aEthnographic Video Online, Volume 1
=505  00$aThis video documents an encounter between two groups of indigenous Brazilian people. Wai-Wai, a Waiãpi leader, takes a trip to meet the Zo'é, a group only recently contacted by outsiders.
=650  04$aZo'é
=650  04$aWayampi (Waiãpi)
=650  \4$aTelevision
=650  \4$aCameras
=650  \4$aClothing shops
=650  \4$aCultural change and history
=650  \4$aTribal and national groups
=650  \4$aBody piercings
=650  \4$aIntercultural communication
=700  1\$aCarelli, Vincent.$4aut
=700  1\$aGallois, Dominique$4aut
=700  1\$aCarelli, Vincent.$4drt
=700  1\$aGallois, Dominique$4drt
=700  1\$aWai-Wai$4oth
=773  0\$dWatertown, MA : Documentary Educational Resources (DER), 1993
=856  40$uhttp://www.aspresolver.com/aspresolver.asp?ANTH;764934$yAlexander Street Press Ethnographic Video Online
=859  \\$aORR$bAlexander Street Press
=883  0\$aLanguage codes assigned by Bayesian analysis of words present in record$d20201028$qUk$c0.9010
=985  \\$aUpgraded by BSS-generated file for WR2011-1472
=CAT  \\$aWR13_071$b00$c20130610$lBLL01$h1613
=CAT  \\$aBATCH$b00$c20130610$lBLL01$h1613
=CAT  \\$aWR16_088$c20160606$lBLL01$h1632
=CAT  \\$aBATCH-UPD$b00$c20160606$lBLL01$h1634
=CAT  \\$aW1610-0368$c20161006$lBLL01$h0938
=CAT  \\$aW1606-1753$c20171028$lBLL01$h1352
=CAT  \\$aW2011-1472$b00$c20201127$lBLL01$h1833
=FIN  \\$aY$d20130610
=LAS  \\$aW2011-1472$b00$c20201127$lBLL01$h1833

