=LDR  02070 gm a2200457uu 4500
=001  016427937
=003  Uk
=005  20201127183325.0
=008  100813s1993\\\\xx\|||\|||||||||||mleng\d
=FMT  \\$a  VM
=035  \\$aASP765578/ant1
=245  00$aEncounters: We Gather As A Family
=260  \\$aWatertown, MA$bDocumentary Educational Resources (DER)$c1993
=306  \\$a32 minutes
=490  0\$aEthnographic Video Online, Volume 1
=505  00$aThe Parakatêjê (Gavião) people of Pará have lost 80% of their population to disease since the 1950s. Kokrenum, the Parakatêjê's charismatic chief, worried about his people's cultural losses, organizes a visit to the Krahô, "relatives" of the Parakatêjê with similar language and traditions. Fifty young Parakatêjê participate in a Krahô festival of singing, body-painting and a long, strenuous relay race.
=650  04$aParakatêjê
=650  04$aKraho
=650  \4$aGames
=650  \4$aIntercultural communication
=650  \4$aFestivals
=650  \4$aCultural identity
=650  \4$aTribal and national groups
=700  1\$aCarelli, Vincent.$4aut
=700  1\$aCarelli, Vincent.$4drt
=700  1\$aKokrenum$4oth
=700  1\$aTebyêt, Diniz$4oth
=773  0\$dWatertown, MA : Documentary Educational Resources (DER), 1993
=856  40$uhttp://www.aspresolver.com/aspresolver.asp?ANTH;765578$yAlexander Street Press Ethnographic Video Online
=859  \\$aORR$bAlexander Street Press
=883  0\$aLanguage codes assigned by Bayesian analysis of words present in record$d20201028$qUk$c0.9010
=985  \\$aUpgraded by BSS-generated file for WR2011-1472
=CAT  \\$aWR13_071$b00$c20130610$lBLL01$h1613
=CAT  \\$aBATCH$b00$c20130610$lBLL01$h1613
=CAT  \\$aWR16_088$c20160606$lBLL01$h1632
=CAT  \\$aBATCH-UPD$b00$c20160606$lBLL01$h1634
=CAT  \\$aW1610-0368$c20161006$lBLL01$h0938
=CAT  \\$aW1606-1753$c20171028$lBLL01$h1352
=CAT  \\$aW2011-1472$b00$c20201127$lBLL01$h1833
=FIN  \\$aY$d20130610
=LAS  \\$aW2011-1472$b00$c20201127$lBLL01$h1833

