=LDR  01749 gm a2200481uu 4500
=001  016427938
=003  Uk
=005  20201127183325.0
=008  100813s1991\\\\xx\|||\|||||||||||mleng\d
=FMT  \\$a  VM
=035  \\$aASP1647053/ant1
=245  00$aEnemies of Silence
=260  \\$aLondon, England$bBritish Broadcasting Corporation (BBC)$c1991
=306  \\$a52 minutes
=490  0\$aEthnographic Video Online, Volume 1
=505  00$aIn English
=650  04$aMexican
=650  \4$aWages and salaries
=650  \4$aMusicians
=650  \4$aSearching for job
=650  \4$aImmigration and emigration
=650  \4$aRomantic relationships
=650  \4$aSocial classes
=650  \4$aCultural identity
=700  1\$aMarre, Jeremy.$4drt
=700  0\$aPancho.$4oth
=700  1\$aMontes de Oca, Raymoundo$4oth
=700  1\$aMontes de Oca, Raymoundo$4nrt
=773  0\$dLondon, England : British Broadcasting Corporation (BBC), 1991
=856  40$uhttp://www.aspresolver.com/aspresolver.asp?ANTH;1647053$yAlexander Street Press Ethnographic Video Online
=859  \\$aORR$bAlexander Street Press
=883  0\$aLanguage codes assigned by Bayesian analysis of words present in record$d20201028$qUk$c0.9010
=985  \\$aUpgraded by BSS-generated file for WR2011-1472
=CAT  \\$aWR13_071$b00$c20130610$lBLL01$h1613
=CAT  \\$aBATCH$b00$c20130610$lBLL01$h1613
=CAT  \\$aBATCH-UPD$b00$c20130610$lBLL01$h1616
=CAT  \\$aWR16_088$c20160606$lBLL01$h1632
=CAT  \\$aBATCH-UPD$b00$c20160606$lBLL01$h1634
=CAT  \\$aW1610-0368$c20161006$lBLL01$h0938
=CAT  \\$aW1606-1753$c20171028$lBLL01$h1352
=CAT  \\$aW2011-1472$b00$c20201127$lBLL01$h1833
=FIN  \\$aY$d20130610
=LAS  \\$aW2011-1472$b00$c20201127$lBLL01$h1833

