=LDR  01850 gm a2200529uu 4500
=001  016427939
=003  Uk
=005  20201127183325.0
=008  100813s1991\\\\xx\|||\|||||||||||mleng\d
=FMT  \\$a  VM
=035  \\$aASP1647055/ant1
=245  00$aEunuchs: India's Third Gender
=260  \\$aLondon, England$bBritish Broadcasting Corporation (BBC)$c1991
=306  \\$a49 minutes
=490  0\$aEthnographic Video Online, Volume 1
=505  00$aIn English
=650  04$aIndian
=650  \4$aIndian people
=650  \4$aLocal populations
=650  \4$aCultural identity
=650  \4$aSexuality
=650  \4$aGender roles
=650  \4$aGender status
=650  \4$aMarriage
=650  \4$aSocietal structure
=650  \4$aReligious beliefs
=650  \4$aProstitution
=650  \4$aRomantic relationships
=700  1\$aYorke, Michael.$4aut
=700  1\$aYorke, Michael.$4drt
=700  0\$aKīran̲.$4oth
=700  1\$aHar Prasad, Aruna$4nrt
=773  0\$dLondon, England : British Broadcasting Corporation (BBC), 1991
=856  40$uhttp://www.aspresolver.com/aspresolver.asp?ANTH;1647055$yAlexander Street Press Ethnographic Video Online
=859  \\$aORR$bAlexander Street Press
=883  0\$aLanguage codes assigned by Bayesian analysis of words present in record$d20201028$qUk$c0.9010
=985  \\$aUpgraded by BSS-generated file for WR2011-1472
=CAT  \\$aWR13_071$b00$c20130610$lBLL01$h1613
=CAT  \\$aBATCH$b00$c20130610$lBLL01$h1613
=CAT  \\$aBATCH-UPD$b00$c20130610$lBLL01$h1616
=CAT  \\$aWR16_088$c20160606$lBLL01$h1632
=CAT  \\$aBATCH-UPD$b00$c20160606$lBLL01$h1634
=CAT  \\$aW1610-0368$c20161006$lBLL01$h0938
=CAT  \\$aW1606-1753$c20171028$lBLL01$h1352
=CAT  \\$aW2011-1472$b00$c20201127$lBLL01$h1833
=FIN  \\$aY$d20130610
=LAS  \\$aW2011-1472$b00$c20201127$lBLL01$h1833

