=LDR  02042 gm a2200493uu 4500
=001  016427941
=003  Uk
=005  20201127183325.0
=008  100813s1994\\\\xx\|||\|||||||||||mleng\d
=FMT  \\$a  VM
=035  \\$aASP764656/ant1
=245  00$aEvery Day is Not A Feast Day
=246  13$aCe N'est pas Tous les Jours Fète
=260  \\$aWatertown, MA$bDocumentary Educational Resources (DER)$c1994
=306  \\$a109 minutes
=490  0\$aEthnographic Video Online, Volume 1
=505  00$aEvery Day is Not a Feast Day is a chronicle of the daily life in Ano Ravenia, a mountain village in Greece. Although the village appears to be virtually self-sufficient, the truth is that its economical, social, and family life depends on the outer world to a great extent.
=546  \\$aIn Greek, Subtitles in English
=650  04$aGreek
=650  \4$aDaily life
=650  \4$aPopulation
=650  \4$aReligious festivals
=650  \4$aAgrarian economy
=650  \4$aImmigration and emigration
=650  \4$aTowns
=650  \4$aRural population
=650  \4$aCultural change and history
=700  1\$aPiault, Colette.$4pro
=700  1\$aPiault, Colette.$4aut
=700  1\$aPiault, Colette.$4drt
=773  0\$dWatertown, MA : Documentary Educational Resources (DER), 1994
=856  40$uhttp://www.aspresolver.com/aspresolver.asp?ANTH;764656$yAlexander Street Press Ethnographic Video Online
=859  \\$aORR$bAlexander Street Press
=883  0\$aLanguage codes assigned by Bayesian analysis of words present in record$d20201028$qUk$c0.9010
=985  \\$aUpgraded by BSS-generated file for WR2011-1472
=CAT  \\$aWR13_071$b00$c20130610$lBLL01$h1613
=CAT  \\$aBATCH$b00$c20130610$lBLL01$h1613
=CAT  \\$aWR16_088$c20160606$lBLL01$h1632
=CAT  \\$aBATCH-UPD$b00$c20160606$lBLL01$h1634
=CAT  \\$aW1610-0368$c20161006$lBLL01$h0938
=CAT  \\$aW1606-1753$c20171028$lBLL01$h1352
=CAT  \\$aW2011-1472$b00$c20201127$lBLL01$h1833
=FIN  \\$aY$d20130610
=LAS  \\$aW2011-1472$b00$c20201127$lBLL01$h1833

