=LDR  01869 gm a2200445uu 4500
=001  016427942
=003  Uk
=005  20201127183325.0
=008  100813s2006\\\\xx\|||\|||||||||||mleng\d
=FMT  \\$a  VM
=035  \\$aASP764658/ant1
=245  00$aEveryday Life of Roma Children From Block 71
=260  \\$aWatertown, MA$bDocumentary Educational Resources (DER)$c2006
=306  \\$a21 minutes
=490  0\$aEthnographic Video Online, Volume 1
=505  00$aThere are 600 squatter settlements in Serbia, the inhabitants of which are mostly of Roma origin. Of these, 105 are in Belgrade with seventeen more in New Belgrade. Here, Ivana Todorovic documents the life of the Stankovic family who migrated from Southern Serbia in search of better opportunities.
=546  \\$aIn Serbian, Subtitles in English
=650  04$aRomani
=650  \4$aBeggars
=650  \4$aEducation
=650  \4$aMarriage
=650  \4$aLiteracy
=650  \4$aSquatting
=650  \4$aUrban life
=700  1\$aTodorovic, Ivana$4pro
=700  1\$aTodorovic, Ivana$4aut
=700  1\$aTodorovic, Ivana$4drt
=773  0\$dWatertown, MA : Documentary Educational Resources (DER), 2006
=856  40$uhttp://www.aspresolver.com/aspresolver.asp?ANTH;764658$yAlexander Street Press Ethnographic Video Online
=859  \\$aORR$bAlexander Street Press
=883  0\$aLanguage codes assigned by Bayesian analysis of words present in record$d20201028$qUk$c0.9010
=985  \\$aUpgraded by BSS-generated file for WR2011-1472
=CAT  \\$aWR13_071$b00$c20130610$lBLL01$h1613
=CAT  \\$aBATCH$b00$c20130610$lBLL01$h1613
=CAT  \\$aWR16_088$c20160606$lBLL01$h1632
=CAT  \\$aW1610-0368$c20161006$lBLL01$h0938
=CAT  \\$aW1606-1753$c20171028$lBLL01$h1352
=CAT  \\$aW2011-1472$b00$c20201127$lBLL01$h1833
=FIN  \\$aY$d20130610
=LAS  \\$aW2011-1472$b00$c20201127$lBLL01$h1833

