=LDR  02018cgm a2200565uu 4500
=001  016427944
=003  Uk
=005  20201127183325.0
=008  100813s2007\\\\xx\|||\|||||||||||mleng\d
=FMT  \\$a  VM
=035  \\$aASP1647007/ant1
=245  00$aExpedition Borneo, Programme 1
=260  \\$aLondon, England$bBritish Broadcasting Corporation (BBC)$c2007
=306  \\$a50 minutes
=490  0\$aEthnographic Video Online, Volume 1
=505  00$aIn English
=650  \4$aEnvironment
=650  \4$aScientists
=650  \4$aMountain climbing
=650  \4$aWild animals
=650  \4$aForests
=650  \4$aExploration
=700  1\$aGreenwood, Steve.$4pro
=700  1\$aKvale, Ingrid.$4pro
=700  1\$aYoung, Jonny.$4pro
=700  1\$aGreenwood, Steve.$4aut
=700  1\$aKvale, Ingrid.$4aut
=700  1\$aYoung, Jonny.$4aut
=700  1\$aBackshall, Stephen.$4oth
=700  1\$aBuchanan, Gordon.$4oth
=700  1\$aEvans, Justine$4oth
=700  1\$aShine, Tara.$4oth
=700  1\$aSimpson, Alisdair.$4nrt
=773  0\$dLondon, England : British Broadcasting Corporation (BBC), 2007
=856  40$uhttp://www.aspresolver.com/aspresolver.asp?ANTH;1647007$yAlexander Street Press Ethnographic Video Online
=859  \\$aORR$bAlexander Street Press
=883  0\$aLanguage codes assigned by Bayesian analysis of words present in record$d20201028$qUk$c0.9010
=985  \\$aUpgraded by BSS-generated file for WR2011-1472
=CAT  \\$aWR13_071$b00$c20130610$lBLL01$h1613
=CAT  \\$aBATCH$b00$c20130610$lBLL01$h1613
=CAT  \\$aWR16_088$c20160606$lBLL01$h1632
=CAT  \\$aBATCH-UPD$b00$c20160606$lBLL01$h1634
=CAT  \\$aW1610-0368$c20161006$lBLL01$h0938
=CAT  \\$aW1606-1753$c20171028$lBLL01$h1352
=CAT  \\$aW2011-1472$b00$c20201127$lBLL01$h1833
=CAT  \\$aBATCH-UPD$b00$c20220303$lBLL01$h1407
=CAT  \\$a5194$b40$c20220426$lBLL01$h0900
=CAT  \\$aBATCH-UPD$b40$c20220426$lBLL01$h0900
=FIN  \\$aY$d20130610
=LAS  \\$aBATCH-UPD$b40$c20220426$lBLL01$h0900

