=LDR  01790 gm a2200445uu 4500
=001  016427947
=003  Uk
=005  20201127183325.0
=008  100813s2006\\\\xx\|||\|||||||||||mleng\d
=FMT  \\$a  VM
=035  \\$aASP764660/ant1
=245  00$aExposing Homelessness
=260  \\$aWatertown, MA$bDocumentary Educational Resources (DER)$c2006
=306  \\$a21 minutes
=490  0\$aEthnographic Video Online, Volume 1
=505  00$aExposing Homelessness is a film that documents the experience of three formerly homeless women who participated in a three-month photography workshop. They were given 35mm cameras and instructed in the art of black and white photography.
=546  \\$aIn English
=650  04$aAmerican
=650  \4$aWomen
=650  \4$aPhotography
=650  \4$aHomeless life
=700  1\$aGawryn, Kerri$4pro
=700  1\$aGawryn, Kerri$4aut
=700  1\$aGawryn, Kerri$4drt
=700  1\$aAustin, Bréyon$4oth
=700  1\$aMeissen, Midori$4oth
=700  1\$aOlsen, Liz$4oth
=773  0\$dWatertown, MA : Documentary Educational Resources (DER), 2006
=856  40$uhttp://www.aspresolver.com/aspresolver.asp?ANTH;764660$yAlexander Street Press Ethnographic Video Online
=859  \\$aORR$bAlexander Street Press
=883  0\$aLanguage codes assigned by Bayesian analysis of words present in record$d20201028$qUk$c0.9010
=985  \\$aUpgraded by BSS-generated file for WR2011-1472
=CAT  \\$aWR13_071$b00$c20130610$lBLL01$h1613
=CAT  \\$aBATCH$b00$c20130610$lBLL01$h1613
=CAT  \\$aWR16_088$c20160606$lBLL01$h1632
=CAT  \\$aW1610-0368$c20161006$lBLL01$h0938
=CAT  \\$aW1606-1753$c20171028$lBLL01$h1352
=CAT  \\$aW2011-1472$b00$c20201127$lBLL01$h1833
=FIN  \\$aY$d20130610
=LAS  \\$aW2011-1472$b00$c20201127$lBLL01$h1833

