=LDR  01688 gm a2200385uu 4500
=001  016427948
=003  Uk
=005  20201127183325.0
=008  100813s2007\\\\xx\|||\|||||||||||mleng\d
=FMT  \\$a  VM
=035  \\$aASP1779525/ant1
=245  00$aThe Falklands
=260  \\$aCopenhagen, Denmark$bDanish Broadcasting Corporation$c2007
=306  \\$a26 minutes
=490  0\$aEthnographic Video Online, Volume 1
=505  00$aOver four hundred islands inhabited by less than three thousand people - and more than one million penguins, hundreds of thousands of albatross, sea-lions, sea-elephants and many en-demic species, such as the Caracara. The Falkland Islands are a proper animals' Garden of Eden.
=546  \\$aIn English
=650  \4$aAnimals
=650  \4$aBirds
=700  1\$aDemichelis, Davide.$4aut
=700  1\$aDemichelis, Davide.$4drt
=773  0\$dCopenhagen, Denmark : Danish Broadcasting Corporation, 2007
=856  40$uhttp://www.aspresolver.com/aspresolver.asp?ANTH;1779525$yAlexander Street Press Ethnographic Video Online
=859  \\$aORR$bAlexander Street Press
=883  0\$aLanguage codes assigned by Bayesian analysis of words present in record$d20201028$qUk$c0.9010
=985  \\$aUpgraded by BSS-generated file for WR2011-1472
=CAT  \\$aWR13_071$b00$c20130610$lBLL01$h1613
=CAT  \\$aBATCH$b00$c20130610$lBLL01$h1613
=CAT  \\$aWR16_088$c20160606$lBLL01$h1632
=CAT  \\$aBATCH-UPD$b00$c20160606$lBLL01$h1634
=CAT  \\$aW1610-0368$c20161006$lBLL01$h0938
=CAT  \\$aW1606-1753$c20171028$lBLL01$h1352
=CAT  \\$aW2011-1472$b00$c20201127$lBLL01$h1833
=FIN  \\$aY$d20130610
=LAS  \\$aW2011-1472$b00$c20201127$lBLL01$h1833

