=LDR  03206 gm a2200505uu 4500
=001  016427949
=003  Uk
=005  20201127183325.0
=008  100813s9999\\\\xx\|||\|||||||||||mleng\d
=FMT  \\$a  VM
=035  \\$aASP1689337/ant1
=245  00$aFalse Promises: The Lost Land of the Wenatchi
=260  \\$aNew York, NY$bFilmakers Library
=306  \\$a56 minutes
=490  0\$aEthnographic Video Online, Volume 1
=505  00$aOur Wenatchi Reservation was taken from us in 1894. Our hunting and fishing rights were also taken at that time, against our wishes. Many of our tribesmen are scattered in various parts of the State of Washington where the land is poor...We, the Wenatchi Indians, wish to have our fishing and hunting rights restored to us in the Wenatchee Valley and forests." (Chief John Harmelt, 1933) This film makes an impassioned plea for the return of the land that was taken from the Wanatchi Indians of Washington State. For generations they lived and fished on their land. In 1855, they were offered a reservation under the terms of the Yakama Treaty. The U.S. failed to honor that treaty as well as others which were made with the tribe. Historian E. Richard Hart has been working in Indian affairs for over thirty years. He knows of no other case where a tribe was promised fishing rights in a ratified treaty and again in a ratified agreement, and still does not have those rights honored. As a result of these injustices, the Wenatchis had to leave their land. Most moved to the Colville Indian Reservation. In 1937, Chief Harmelt died, but today his granddaughter and her children have taken up the fight along with other tribal elders of the Wenatchi Advisory Board and many others. About 28% of the land in the area that should have been a Wenatchi Reservation is still a part of the public domain. When will the U.S. right this historical wrong?
=546  \\$aIn English
=600  14$aHarmelt, John
=650  04$aWenatchi
=650  \4$aLand grants
=650  \4$aIndian reservations
=650  \4$aProperty rights
=650  \4$aCultural change and history
=650  \4$aTribal and national groups
=650  \4$aLaws and legislation
=650  \4$aCultural identity
=700  1\$aThompson, Rustin.$4aut
=700  1\$aThompson, Rustin.$4drt
=700  1\$aHart, E. Richard.$4oth
=700  1\$aScheurman, Richard$4oth
=700  1\$aO'Ryan, Jackie.$4nrt
=773  0\$dNew York, NY : Filmakers Library
=856  40$uhttp://www.aspresolver.com/aspresolver.asp?ANTH;1689337$yAlexander Street Press Ethnographic Video Online
=859  \\$aORR$bAlexander Street Press
=883  0\$aLanguage codes assigned by Bayesian analysis of words present in record$d20201028$qUk$c0.9010
=985  \\$aUpgraded by BSS-generated file for WR2011-1472
=CAT  \\$aWR13_071$b00$c20130610$lBLL01$h1613
=CAT  \\$aBATCH$b00$c20130610$lBLL01$h1613
=CAT  \\$aBATCH-UPD$b00$c20160328$lBLL01$h2034
=CAT  \\$aWR16_088$c20160606$lBLL01$h1632
=CAT  \\$aW1610-0368$c20161006$lBLL01$h0938
=CAT  \\$aW1606-1753$c20171028$lBLL01$h1352
=CAT  \\$aW2011-1472$b00$c20201127$lBLL01$h1833
=FIN  \\$aY$d20130610
=LAS  \\$aW2011-1472$b00$c20201127$lBLL01$h1833

