=LDR  02079 gm a2200529uu 4500
=001  016427950
=003  Uk
=005  20201127183325.0
=008  100813s2003\\\\xx\|||\|||||||||||mleng\d
=FMT  \\$a  VM
=035  \\$aASP764662/ant1
=245  00$aFamilies and Flowers
=260  \\$aWatertown, MA$bDocumentary Educational Resources (DER)$c2003
=306  \\$a27 minutes
=490  0\$aEthnographic Video Online, Volume 1
=505  00$aThe flower-growing industry in northern San Diego County is in many ways a microcosm of our rapidly changing society. Encinitas, California - the once self-proclaimed "flower capital of the world" - is facing daunting challenges.
=546  \\$aIn English, Subtitles in English
=650  04$aAmerican
=650  \4$aBusiness
=650  \4$aEconomic conditions
=650  \4$aGardeners
=650  \4$aMerchants
=650  \4$aFlowers
=650  \4$aParent-child relations
=700  1\$aFreeman, Mark.$4pro
=700  1\$aFreeman, Mark.$4aut
=700  1\$aFreeman, Mark.$4drt
=700  1\$aEcke, Paul, III$4oth
=700  1\$aEcke, Paul, Jr.$4oth
=700  1\$aKobayashi, Ruth$4oth
=700  1\$aTayama Kimura, Tamie$4oth
=700  1\$aWeidner, Evelyn$4oth
=700  1\$aRostodha, Karen$4nrt
=773  0\$dWatertown, MA : Documentary Educational Resources (DER), 2003
=856  40$uhttp://www.aspresolver.com/aspresolver.asp?ANTH;764662$yAlexander Street Press Ethnographic Video Online
=859  \\$aORR$bAlexander Street Press
=883  0\$aLanguage codes assigned by Bayesian analysis of words present in record$d20201028$qUk$c0.9010
=985  \\$aUpgraded by BSS-generated file for WR2011-1472
=CAT  \\$aWR13_071$b00$c20130610$lBLL01$h1613
=CAT  \\$aBATCH$b00$c20130610$lBLL01$h1613
=CAT  \\$aWR16_088$c20160606$lBLL01$h1632
=CAT  \\$aBATCH-UPD$b00$c20160606$lBLL01$h1634
=CAT  \\$aW1610-0368$c20161006$lBLL01$h0938
=CAT  \\$aW1606-1753$c20171028$lBLL01$h1352
=CAT  \\$aW2011-1472$b00$c20201127$lBLL01$h1833
=FIN  \\$aY$d20130610
=LAS  \\$aW2011-1472$b00$c20201127$lBLL01$h1833

