=LDR  01989 gm a2200457uu 4500
=001  016427951
=003  Uk
=005  20201127183325.0
=008  100813s1993\\\\xx\|||\|||||||||||mleng\d
=FMT  \\$a  VM
=035  \\$aASP1681824/ant1
=245  00$aA Family in France
=260  \\$aNew York, NY$bFilmakers Library$c1993
=306  \\$a40 minutes
=490  0\$aEthnographic Video Online, Volume 1
=505  00$aThis is a portrait of a country family living in a small village, Cassaniouze, in the Auvergne province. Their story typifies how the solid traditions and time honored ways are slowly fading away in the face of modern life. The village of 700 people has a zero birth rate and most of its inhabitants are retired. A Family in France exemplifies the disintegration of rural areas in industrialized nations.
=546  \\$aIn English
=650  04$aFrench
=650  \4$aAgricultural conditions
=650  \4$aReligious communities
=650  \4$aFarm management
=650  \4$aCultural identity
=650  \4$aCatholicism
=700  1\$aDryansky, André.$4pro
=700  1\$aDryansky, André.$4aut
=700  1\$aPenou, Angele$4oth
=700  1\$aPenou, Jean$4oth
=773  0\$dNew York, NY : Filmakers Library, 1993
=856  40$uhttp://www.aspresolver.com/aspresolver.asp?ANTH;1681824$yAlexander Street Press Ethnographic Video Online
=859  \\$aORR$bAlexander Street Press
=883  0\$aLanguage codes assigned by Bayesian analysis of words present in record$d20201028$qUk$c0.9010
=985  \\$aUpgraded by BSS-generated file for WR2011-1472
=CAT  \\$aWR13_071$b00$c20130610$lBLL01$h1613
=CAT  \\$aBATCH$b00$c20130610$lBLL01$h1613
=CAT  \\$aBATCH-UPD$b00$c20130610$lBLL01$h1622
=CAT  \\$aWR16_088$c20160606$lBLL01$h1632
=CAT  \\$aW1610-0368$c20161006$lBLL01$h0938
=CAT  \\$aW1606-1753$c20171028$lBLL01$h1352
=CAT  \\$aW2011-1472$b00$c20201127$lBLL01$h1833
=FIN  \\$aY$d20130610
=LAS  \\$aW2011-1472$b00$c20201127$lBLL01$h1833

