=LDR  02177 gm a2200469uu 4500
=001  016427952
=003  Uk
=005  20201127183325.0
=008  100813s2003\\\\xx\|||\|||||||||||mleng\d
=FMT  \\$a  VM
=035  \\$aASP764362/ant1
=245  00$aA Family of Many Nations: The Story of White Center Heights Elementary School
=260  \\$aWatertown, MA$bDocumentary Educational Resources (DER)$c2003
=306  \\$a54 minutes
=490  0\$aEthnographic Video Online, Volume 1
=505  00$aThis is a hopeful story of the changing face of education in America. At White Center Heights Elementary School, located just south of Seattle, Washington, the students speak twenty-seven different languages and come from fifty different countries. Eighty percent of the students speak no English at home and ninety percent qualify for free or reduced lunch. As schools grow more diverse across the country, White Center Heights appears more as a window into the future of education rather than an anomaly.
=546  \\$aIn English
=650  04$aAmerican
=650  \4$aEducation
=650  \4$aImmigrant populations
=650  \4$aCultural assimilation
=650  \4$aSchools
=650  \4$aChildren
=650  \4$aPoverty
=700  1\$aCoughlin, Diane$4pro
=700  1\$aCoughlin, Todd$4pro
=700  1\$aCoughlin, Todd$4aut
=700  1\$aCoughlin, Todd$4drt
=700  1\$aSalmi, Greta$4oth
=773  0\$dWatertown, MA : Documentary Educational Resources (DER), 2003
=856  40$uhttp://www.aspresolver.com/aspresolver.asp?ANTH;764362$yAlexander Street Press Ethnographic Video Online
=859  \\$aORR$bAlexander Street Press
=883  0\$aLanguage codes assigned by Bayesian analysis of words present in record$d20201028$qUk$c0.9010
=985  \\$aUpgraded by BSS-generated file for WR2011-1472
=CAT  \\$aWR13_071$b00$c20130610$lBLL01$h1613
=CAT  \\$aBATCH$b00$c20130610$lBLL01$h1613
=CAT  \\$aWR16_088$c20160606$lBLL01$h1632
=CAT  \\$aW1610-0368$c20161006$lBLL01$h0938
=CAT  \\$aW1606-1753$c20171028$lBLL01$h1352
=CAT  \\$aW2011-1472$b00$c20201127$lBLL01$h1833
=FIN  \\$aY$d20130610
=LAS  \\$aW2011-1472$b00$c20201127$lBLL01$h1833

