=LDR  01868 gm a2200481uu 4500
=001  016427953
=003  Uk
=005  20201127183325.0
=008  100813s9999\\\\xx\|||\|||||||||||mleng\d
=FMT  \\$a  VM
=035  \\$aASP1689473/ant1
=245  00$aFamily of the Caribbean
=260  \\$aNew York, NY$bInsight Media
=306  \\$a52 minutes
=490  0\$aEthnographic Video Online, Volume 1
=505  00$aExploring Caribbean culture, this program looks at the music, visual arts, dance, theater, literature, and people of the Caribbean. It shows the Carifesta festival of the arts and highlights the many levels of shared experience and expression found in the highly multicultural region.
=546  \\$aIn English
=650  04$aCaribbean
=650  \4$aTheater
=650  \4$aLiterature
=650  \4$aArt
=650  \4$aDance
=650  \4$aMusic
=650  \4$aFestivals
=650  \4$aCultural identity
=650  \4$aGeographical features
=700  1\$aPaddington, Bruce.$4pro
=700  1\$aPaddington, Bruce.$4aut
=700  1\$aGilkes, Michael.$4nrt
=773  0\$dNew York, NY : Insight Media
=856  40$uhttp://www.aspresolver.com/aspresolver.asp?ANTH;1689473$yAlexander Street Press Ethnographic Video Online
=859  \\$aORR$bAlexander Street Press
=883  0\$aLanguage codes assigned by Bayesian analysis of words present in record$d20201028$qUk$c0.9010
=985  \\$aUpgraded by BSS-generated file for WR2011-1472
=CAT  \\$aWR13_071$b00$c20130610$lBLL01$h1613
=CAT  \\$aBATCH$b00$c20130610$lBLL01$h1613
=CAT  \\$aWR16_088$c20160606$lBLL01$h1632
=CAT  \\$aBATCH-UPD$b00$c20160606$lBLL01$h1634
=CAT  \\$aW1610-0368$c20161006$lBLL01$h0938
=CAT  \\$aW1606-1753$c20171028$lBLL01$h1352
=CAT  \\$aW2011-1472$b00$c20201127$lBLL01$h1833
=FIN  \\$aY$d20130610
=LAS  \\$aW2011-1472$b00$c20201127$lBLL01$h1833

