=LDR  01974 gm a2200589uu 4500
=001  016427954
=003  Uk
=005  20201127183325.0
=008  100813s1986\\\\xx\|||\|||||||||||mleng\d
=FMT  \\$a  VM
=035  \\$aASP1647037/ant1
=245  00$aFamily Ties
=260  \\$aLondon, England$bBritish Broadcasting Corporation (BBC)$c1986
=306  \\$a49 minutes
=490  0\$aEthnographic Video Online, Volume 1
=505  00$aIn English
=650  04$aAmerican
=650  04$aItalian
=650  04$aIndian
=650  04$aKenyan
=650  \4$aNuclear family
=650  \4$aEmotions and feelings
=650  \4$aEmployment
=650  \4$aDivision of labor
=650  \4$aLiving arrangements
=650  \4$aGender roles
=650  \4$aExtended family
=650  \4$aRemarriages
=650  \4$aDivorce
=700  1\$aNicholson, William.$4pro
=700  1\$aNicholson, William.$4aut
=700  1\$aAdero, George$4oth
=700  1\$aAdero, Monica$4oth
=700  1\$aGould, Jennifer.$4oth
=700  1\$aGould, Ron$4oth
=700  1\$aKumar, Bina$4oth
=700  1\$aLamana, Vittorio$4oth
=700  1\$aNicholson, William.$4nrt
=773  0\$dLondon, England : British Broadcasting Corporation (BBC), 1986
=856  40$uhttp://www.aspresolver.com/aspresolver.asp?ANTH;1647037$yAlexander Street Press Ethnographic Video Online
=859  \\$aORR$bAlexander Street Press
=883  0\$aLanguage codes assigned by Bayesian analysis of words present in record$d20201028$qUk$c0.9010
=985  \\$aUpgraded by BSS-generated file for WR2011-1472
=CAT  \\$aWR13_071$b00$c20130610$lBLL01$h1613
=CAT  \\$aBATCH$b00$c20130610$lBLL01$h1613
=CAT  \\$aWR16_088$c20160606$lBLL01$h1632
=CAT  \\$aBATCH-UPD$b00$c20160606$lBLL01$h1634
=CAT  \\$aW1610-0368$c20161006$lBLL01$h0938
=CAT  \\$aW1606-1753$c20171028$lBLL01$h1352
=CAT  \\$aW2011-1472$b00$c20201127$lBLL01$h1833
=FIN  \\$aY$d20130610
=LAS  \\$aW2011-1472$b00$c20201127$lBLL01$h1833

