=LDR  01250 gm a2200337uu 4500
=001  016427955
=003  Uk
=005  20201127183325.0
=008  100813s2011\\\\xx\|||\|||||||||||mleng\d
=FMT  \\$a  VM
=035  \\$aASP1879843/ant1
=245  00$aFamily Video 3
=260  \\$aWhite Plains, NY$bPrivately Published$c2011
=306  \\$a13 minutes
=490  0\$aEthnographic Video Online, Volume 1
=505  00$aIn English
=650  04$aYanomamö
=650  \4$aTribal and national groups
=773  0\$dWhite Plains, NY : Privately Published, 2011
=856  40$uhttp://www.aspresolver.com/aspresolver.asp?ANTH;1879843$yAlexander Street Press Ethnographic Video Online
=859  \\$aORR$bAlexander Street Press
=883  0\$aLanguage codes assigned by Bayesian analysis of words present in record$d20201028$qUk$c0.9010
=985  \\$aUpgraded by BSS-generated file for WR2011-1472
=CAT  \\$aWR13_071$b00$c20130610$lBLL01$h1613
=CAT  \\$aBATCH$b00$c20130610$lBLL01$h1613
=CAT  \\$aWR16_088$c20160606$lBLL01$h1632
=CAT  \\$aW1610-0368$c20161006$lBLL01$h0938
=CAT  \\$aW1606-1753$c20171028$lBLL01$h1352
=CAT  \\$aW2011-1472$b00$c20201127$lBLL01$h1833
=FIN  \\$aY$d20130610
=LAS  \\$aW2011-1472$b00$c20201127$lBLL01$h1833

