=LDR  02083 gm a2200493uu 4500
=001  016427957
=003  Uk
=005  20201127183325.0
=008  100813s2007\\\\xx\|||\|||||||||||mleng\d
=FMT  \\$a  VM
=035  \\$aASP764664/ant1
=245  00$aFate of the Lhapa
=260  \\$aWatertown, MA$bDocumentary Educational Resources (DER)$c2007
=306  \\$a70 minutes
=490  0\$aEthnographic Video Online, Volume 1
=505  00$aFate of the Lhapa is a feature-length documentary about the last three Tibetan shamans (lhapas) living in a Tibetan refugee camp in Nepal. With no other descendants to carry on their healing practices and a younger generation attending schools, acculturating, and modernizing, these "sucking doctors" are practicing an endangered tradition.
=546  \\$aIn Tibetan, Subtitles in English
=650  04$aTibetan
=650  \4$aCultural change and history
=650  \4$aBuddhism
=650  \4$aRefugee camps
=650  \4$aTraditional medicine
=650  \4$aHealers
=650  \4$aSpiritual leaders
=700  1\$aSifers, Sarah.$4pro
=700  1\$aSifers, Sarah.$4aut
=700  1\$aSifers, Sarah.$4drt
=700  1\$aDhondup, Nyima$4oth
=700  1\$aRhichoe, Pasang$4oth
=700  1\$aWangchuk, Karma$4oth
=773  0\$dWatertown, MA : Documentary Educational Resources (DER), 2007
=856  40$uhttp://www.aspresolver.com/aspresolver.asp?ANTH;764664$yAlexander Street Press Ethnographic Video Online
=859  \\$aORR$bAlexander Street Press
=883  0\$aLanguage codes assigned by Bayesian analysis of words present in record$d20201028$qUk$c0.9010
=985  \\$aUpgraded by BSS-generated file for WR2011-1472
=CAT  \\$aWR13_071$b00$c20130610$lBLL01$h1613
=CAT  \\$aBATCH$b00$c20130610$lBLL01$h1613
=CAT  \\$aWR16_088$c20160606$lBLL01$h1632
=CAT  \\$aBATCH-UPD$b00$c20160606$lBLL01$h1634
=CAT  \\$aW1610-0368$c20161006$lBLL01$h0938
=CAT  \\$aW1606-1753$c20171028$lBLL01$h1352
=CAT  \\$aW2011-1472$b00$c20201127$lBLL01$h1833
=FIN  \\$aY$d20130610
=LAS  \\$aW2011-1472$b00$c20201127$lBLL01$h1833

