=LDR  02018 gm a2200481uu 4500
=001  016427958
=003  Uk
=005  20201127183325.0
=008  100813s1974\\\\xx\|||\|||||||||||mleng\d
=FMT  \\$a  VM
=035  \\$aASP764364/ant1
=245  00$aA Father Washes His Children
=260  \\$aWatertown, MA$bDocumentary Educational Resources (DER)$c1974
=306  \\$a13 minutes
=490  0\$aEthnographic Video Online, Volume 1
=505  00$aDedeheiwa, a shaman and headman in his village, takes nine of his children and grandchildren to the river where he washes them carefully and patiently. This film, like A Man and His Wife Weave a Hammock and Weeding the Garden, reveals the warmth and gentleness typical of many kinds of Yanomamo interactions.
=546  \\$aIn Yanomamö, Subtitles in English
=650  04$aYanomamö
=650  \4$aCultural identity
=650  \4$aTribal and national groups
=650  \4$aFamily
=650  \4$aGender roles
=650  \4$aBathing
=650  \4$aParenting
=700  1\$aAsch, Timothy.$4aut
=700  1\$aChagnon, Napoleon$4aut
=700  1\$aAsch, Timothy.$4drt
=700  1\$aChagnon, Napoleon$4drt
=700  1\$aDedeheiwä$4oth
=773  0\$dWatertown, MA : Documentary Educational Resources (DER), 1974
=856  40$uhttp://www.aspresolver.com/aspresolver.asp?ANTH;764364$yAlexander Street Press Ethnographic Video Online
=859  \\$aORR$bAlexander Street Press
=883  0\$aLanguage codes assigned by Bayesian analysis of words present in record$d20201028$qUk$c0.9010
=985  \\$aUpgraded by BSS-generated file for WR2011-1472
=CAT  \\$aWR13_071$b00$c20130610$lBLL01$h1613
=CAT  \\$aBATCH$b00$c20130610$lBLL01$h1613
=CAT  \\$aWR16_088$c20160606$lBLL01$h1632
=CAT  \\$aBATCH-UPD$b00$c20160606$lBLL01$h1634
=CAT  \\$aW1610-0368$c20161006$lBLL01$h0938
=CAT  \\$aW1606-1753$c20171028$lBLL01$h1352
=CAT  \\$aW2011-1472$b00$c20201127$lBLL01$h1833
=FIN  \\$aY$d20130610
=LAS  \\$aW2011-1472$b00$c20201127$lBLL01$h1833

