=LDR  02087 gm a2200505uu 4500
=001  016427959
=003  Uk
=005  20201127183325.0
=008  100813s1970\\\\xx\|||\|||||||||||mleng\d
=FMT  \\$a  VM
=035  \\$aASP765366/ant1
=245  00$aThe Feast
=260  \\$aWatertown, MA$bDocumentary Educational Resources (DER)$c1970
=306  \\$a29 minutes
=490  0\$aEthnographic Video Online, Volume 1
=505  00$aRecorded in 1968
=520  3\$aYanomamo feasts are ceremonial, social, economic, and political events. They are occasions for men to adorn their bodies with paint and feathers, to display their strength in dance and ritualized aggression; for trading partnerships to be established or affirmed; and for the creation or testing of alliances.
=546  \\$aIn Yanomamö, English, Subtitles in English
=650  04$aYanomamö
=650  \4$aPolitical alliances
=650  \4$aBarter
=650  \4$aPolitics
=650  \4$aMeals
=650  \4$aRural population
=650  \4$aTribal and national groups
=700  1\$aAsch, Timothy.$4pro
=700  1\$aChagnon, Napoleon$4pro
=700  1\$aAsch, Timothy.$4aut
=700  1\$aChagnon, Napoleon$4aut
=700  1\$aAsch, Timothy.$4drt
=700  1\$aChagnon, Napoleon$4drt
=773  0\$dWatertown, MA : Documentary Educational Resources (DER), 1970
=856  40$uhttp://www.aspresolver.com/aspresolver.asp?ANTH;765366$yAlexander Street Press Ethnographic Video Online
=859  \\$aORR$bAlexander Street Press
=883  0\$aLanguage codes assigned by Bayesian analysis of words present in record$d20201028$qUk$c0.9010
=985  \\$aUpgraded by BSS-generated file for WR2011-1472
=CAT  \\$aWR13_071$b00$c20130610$lBLL01$h1613
=CAT  \\$aBATCH$b00$c20130610$lBLL01$h1613
=CAT  \\$aWR16_088$c20160606$lBLL01$h1632
=CAT  \\$aBATCH-UPD$b00$c20160606$lBLL01$h1634
=CAT  \\$aW1610-0368$c20161006$lBLL01$h0938
=CAT  \\$aW1606-1753$c20171028$lBLL01$h1352
=CAT  \\$aW2011-1472$b00$c20201127$lBLL01$h1833
=FIN  \\$aY$d20130610
=LAS  \\$aW2011-1472$b00$c20201127$lBLL01$h1833

