=LDR  02086 gm a2200445uu 4500
=001  016427960
=003  Uk
=005  20201127183325.0
=008  100813s1972\\\\xx\|||\|||||||||||mleng\d
=FMT  \\$a  VM
=035  \\$aASP765368/ant1
=245  00$aThe Fenland (Le Brouck)
=260  \\$aWatertown, MA$bDocumentary Educational Resources (DER)$c1972
=306  \\$a38 minutes
=490  0\$aEthnographic Video Online, Volume 1
=505  00$aThe Fenland was devised and shot in close collaboration with a group of eight local fenlanders, young men and women who live and work as market gardeners in the area of Saint Omer, Northern France. The film bears witness to a particular moment in time - a moment of recognition when these young agriculturalists, who belong to a relatively closed specific socio-economic group, ask themselves some hard practical questions about the social and economic problems facing their kind of agriculture.
=546  \\$aIn French, Subtitles in English
=650  04$aFrench
=650  \4$aAgriculture
=650  \4$aLabor unions
=650  \4$aFood crops
=650  \4$aGardeners
=650  \4$aCultural change and history
=650  \4$aGardening
=700  1\$aPiault, Colette.$4aut
=700  1\$aPiault, Colette.$4drt
=773  0\$dWatertown, MA : Documentary Educational Resources (DER), 1972
=856  40$uhttp://www.aspresolver.com/aspresolver.asp?ANTH;765368$yAlexander Street Press Ethnographic Video Online
=859  \\$aORR$bAlexander Street Press
=883  0\$aLanguage codes assigned by Bayesian analysis of words present in record$d20201028$qUk$c0.9010
=985  \\$aUpgraded by BSS-generated file for WR2011-1472
=CAT  \\$aWR13_071$b00$c20130610$lBLL01$h1613
=CAT  \\$aBATCH$b00$c20130610$lBLL01$h1613
=CAT  \\$aWR16_088$c20160606$lBLL01$h1632
=CAT  \\$aBATCH-UPD$b00$c20160606$lBLL01$h1634
=CAT  \\$aW1610-0368$c20161006$lBLL01$h0938
=CAT  \\$aW1606-1753$c20171028$lBLL01$h1352
=CAT  \\$aW2011-1472$b00$c20201127$lBLL01$h1833
=FIN  \\$aY$d20130610
=LAS  \\$aW2011-1472$b00$c20201127$lBLL01$h1833

