=LDR  02309 gm a2200565uu 4500
=001  016427963
=003  Uk
=005  20201127183325.0
=008  100813s2006\\\\xx\|||\|||||||||||mleng\d
=FMT  \\$a  VM
=035  \\$aASP807602/ant1
=245  00$aFesta (Portuguese)
=260  \\$aWatertown, MA$bDocumentary Educational Resources (DER)$c2006
=306  \\$a29 minutes
=490  0\$aEthnographic Video Online, Volume 1
=505  00$aThe Feast of the Blessed Sacrament is a four-day extravaganza that attracts crowds of up to 200,000 to the city of New Bedford, Massachusetts. This documentary film takes viewers on a journey from the excitement of the modern feast to the very roots of the Catholic celebration on the beautiful Portuguese island of Madeira.
=546  \\$aIn Portuguese, English, Subtitles in English
=650  04$aPortuguese
=650  \4$aCultural assimilation
=650  \4$aGender roles
=650  \4$aImmigration and emigration
=650  \4$aCultural identity
=650  \4$aCatholicism
=650  \4$aReligious festivals
=700  1\$aSousa, Joe$4pro
=700  1\$aSousa, Joe$4aut
=700  1\$aSousa, Joe$4drt
=700  1\$aAguiar, Joseph$4oth
=700  1\$aAlves, Joseph$4oth
=700  1\$aAurora, Maria$4oth
=700  1\$aBertoldo, Joseph$4oth
=700  1\$aCasimiro, Maria$4oth
=700  1\$aCoutinho, Gabriel.$4oth
=700  1\$aPaiva, Eduardo Coutinho$4oth
=700  1\$aPeixoto, David$4oth
=700  1\$aSousa, Rui$4oth
=773  0\$dWatertown, MA : Documentary Educational Resources (DER), 2006
=856  40$uhttp://www.aspresolver.com/aspresolver.asp?ANTH;807602$yAlexander Street Press Ethnographic Video Online
=859  \\$aORR$bAlexander Street Press
=883  0\$aLanguage codes assigned by Bayesian analysis of words present in record$d20201028$qUk$c0.9010
=985  \\$aUpgraded by BSS-generated file for WR2011-1472
=CAT  \\$aWR13_071$b00$c20130610$lBLL01$h1613
=CAT  \\$aBATCH$b00$c20130610$lBLL01$h1613
=CAT  \\$aWR16_088$c20160606$lBLL01$h1632
=CAT  \\$aW1610-0368$c20161006$lBLL01$h0938
=CAT  \\$aW1606-1753$c20171028$lBLL01$h1352
=CAT  \\$aBATCH-UPD$b00$c20200418$lBLL01$h1711
=CAT  \\$aW2011-1472$b00$c20201127$lBLL01$h1833
=FIN  \\$aY$d20130610
=LAS  \\$aW2011-1472$b00$c20201127$lBLL01$h1833

