=LDR  03120 gm a2200457uu 4500
=001  016427964
=003  Uk
=005  20201127183325.0
=008  100813s1994\\\\xx\|||\|||||||||||mleng\d
=FMT  \\$a  VM
=035  \\$aASP1689340/ant1
=245  00$aFire Eyes: Female Circumcision
=260  \\$aNew York, NY$bFilmakers Library$c1994
=306  \\$a57 minutes
=490  0\$aEthnographic Video Online, Volume 1
=505  00$aThis powerful and important film is the first to present an African viewpoint on a culturally explosive issue. Somali filmmaker Soraya Mire knows firsthand about the traditional African practice of female genital mutilation. At thirteen she was subjected to it and spent the next twenty years recovering physically and emotionally from its cruel legacy. Fire Eyes explores the socio-economic, psychological, and medical consequences of this ancient custom which affects more than 80 million women worldwide. In this film several women who have been subject to this "rite of passage" voice varying points of view on perpetuating the practice. While a few courageous women would spare their daughters this suffering, others fear their daughters would be unmarriageable. The troubling fact is that female circumcision is a women's ritual upheld by mothers, grandmothers and aunts, to conform to the male expectation for a chaste wife. Testimony from doctors detail the various forms of female circumcision and the horrendous ob/gyn problems that result. Dr. Groesbeck Parham, an African American, studied with a Sudanese doctor in Khartoum. He observes, "When you are confronted with a situation rooted in such deep cultural mores, you have to be careful not to become arrogant. But I think it is a practice that needs to be revamped." An extraordinary documentary for Women's Studies, Anthropology, African Studies, Public Health and Human Rights programs. (A closed captioned version available on vhs only. Please specify when ordering.)
=546  \\$aIn English
=650  04$aSomali
=650  04$aAfrican
=650  \4$aCultural identity
=650  \4$aWomen's health issues
=650  \4$aReligious rites and ceremonies
=650  \4$aWomen
=650  \4$aCircumcisions
=700  1\$aMire, Soraya.$4aut
=700  1\$aMire, Soraya.$4drt
=700  1\$aChristiansen, Carol.$4nrt
=773  0\$dNew York, NY : Filmakers Library, 1994
=856  40$uhttp://www.aspresolver.com/aspresolver.asp?ANTH;1689340$yAlexander Street Press Ethnographic Video Online
=859  \\$aORR$bAlexander Street Press
=883  0\$aLanguage codes assigned by Bayesian analysis of words present in record$d20201028$qUk$c0.9010
=985  \\$aUpgraded by BSS-generated file for WR2011-1472
=CAT  \\$aWR13_071$b00$c20130610$lBLL01$h1613
=CAT  \\$aBATCH$b00$c20130610$lBLL01$h1613
=CAT  \\$aWR16_088$c20160606$lBLL01$h1632
=CAT  \\$aBATCH-UPD$b00$c20160606$lBLL01$h1634
=CAT  \\$aW1610-0368$c20161006$lBLL01$h0938
=CAT  \\$aW1606-1753$c20171028$lBLL01$h1352
=CAT  \\$aW2011-1472$b00$c20201127$lBLL01$h1833
=FIN  \\$aY$d20130610
=LAS  \\$aW2011-1472$b00$c20201127$lBLL01$h1833

