=LDR  03294 gm a2200505uu 4500
=001  016427967
=003  Uk
=005  20201127183325.0
=008  100813s1983\\\\xx\|||\|||||||||||mleng\d
=FMT  \\$a  VM
=035  \\$aASP795991/ant1
=245  00$aFirst Contact: Filmmaker Interviews
=260  \\$aNew York, NY$bFilmakers Library$c1983
=306  \\$a37 minutes
=490  0\$aEthnographic Video Online, Volume 1
=505  00$aThis is the classic film of cultural confrontation that is as compelling today as when it was first released over 20 years ago. When Columbus and Cortez ventured into the New World there was no camera to record the drama of this first encounter. But, in 1930, when the Leahy brothers penetrated the interior of New Guinea in search of gold, they carried a movie camera. Thus they captured on film their unexpected confrontation with thousands of Stone Age people who had no concept of human life beyond their valleys. This amazing footage forms the basis of First Contact.Yet there is more to this extraordinary film than the footage that was recovered. Fifty years later some of the participants are still alive and vividly recall their unique experience. The Papuans tell how they thought the white men were their ancestors, bleached by the sun and returned from the dead. They were amazed at the artifacts of 20th century life such as tin cans, phonographs and airplanes. When shown their younger, innocent selves in the found footage, they recall the darker side of their relationship with these mysterious beings with devastating weapons.Australian Dan Leahy describes his fear at being outnumbered by primitive looking people with whom he could not speak. He felt he had to dominate them for his own survival and to continue his quest for gold.First Contact is one of those rare films that holds an audience spellbound. Humor and pathos are combined in this classic story of colonialism, told by the people who were there.
=546  \\$aIn English
=650  04$aPapua New Guinean
=650  \4$aColonialism
=650  \4$aTribal and national groups
=650  \4$aCultural identity
=650  \4$aIntercultural communication
=650  \4$aCultural change and history
=650  \4$aGold mining
=700  1\$aAnderson, Robin.$4pro
=700  1\$aConnolly, Bob.$4pro
=700  1\$aAnderson, Robin.$4drt
=700  1\$aConnolly, Bob.$4drt
=700  1\$aLeahy, Daniel$4oth
=700  1\$aLeahy, James$4oth
=700  1\$aThomson, Peter.$4oth
=773  0\$dNew York, NY : Filmakers Library, 1983
=856  40$uhttp://www.aspresolver.com/aspresolver.asp?ANTH;795991$yAlexander Street Press Ethnographic Video Online
=859  \\$aORR$bAlexander Street Press
=883  0\$aLanguage codes assigned by Bayesian analysis of words present in record$d20201028$qUk$c0.9010
=985  \\$aUpgraded by BSS-generated file for WR2011-1472
=CAT  \\$aWR13_071$b00$c20130610$lBLL01$h1613
=CAT  \\$aBATCH$b00$c20130610$lBLL01$h1613
=CAT  \\$aWR16_088$c20160606$lBLL01$h1632
=CAT  \\$aBATCH-UPD$b00$c20160606$lBLL01$h1634
=CAT  \\$aW1610-0368$c20161006$lBLL01$h0938
=CAT  \\$aW1606-1753$c20171028$lBLL01$h1352
=CAT  \\$aW2011-1472$b00$c20201127$lBLL01$h1833
=FIN  \\$aY$d20130610
=LAS  \\$aW2011-1472$b00$c20201127$lBLL01$h1833

