=LDR  01952 gm a2200457uu 4500
=001  016427968
=003  Uk
=005  20201127183325.0
=008  100813s1951\\\\xx\|||\|||||||||||mleng\d
=FMT  \\$a  VM
=035  \\$aASP764672/ant1
=245  00$aFirst Film
=260  \\$aWatertown, MA$bDocumentary Educational Resources (DER)$c1951
=306  \\$a44 minutes
=490  0\$aEthnographic Video Online, Volume 1
=505  00$aRecorded in 1951
=520  3\$aFirst Film was edited and narrated by Lorna Marshall and is comprised of footage shot in 1951 on the second Marshall family expedition to the Kalahari Desert. It is intimate in style, very carefully filmed, with a wealth of practical information about the material culture and structure of Ju/'hoan (!Kung Bushmen) hunter-gatherer society.
=546  \\$aIn English
=650  04$aJu/'hoansi
=650  \4$aTribal and national groups
=650  \4$aCultural change and history
=650  \4$aFilmmaking
=650  \4$aAnthropology
=650  \4$aForaging
=700  1\$aMarshall, Lorna J.$4pro
=700  1\$aMarshall, Lorna J.$4aut
=700  1\$aMarshall, Lorna J.$4drt
=700  1\$aMarshall, Lorna J.$4nrt
=773  0\$dWatertown, MA : Documentary Educational Resources (DER), 1951
=856  40$uhttp://www.aspresolver.com/aspresolver.asp?ANTH;764672$yAlexander Street Press Ethnographic Video Online
=859  \\$aORR$bAlexander Street Press
=883  0\$aLanguage codes assigned by Bayesian analysis of words present in record$d20201028$qUk$c0.9010
=985  \\$aUpgraded by BSS-generated file for WR2011-1472
=CAT  \\$aWR13_071$b00$c20130610$lBLL01$h1613
=CAT  \\$aBATCH$b00$c20130610$lBLL01$h1613
=CAT  \\$aWR16_088$c20160606$lBLL01$h1632
=CAT  \\$aW1610-0368$c20161006$lBLL01$h0938
=CAT  \\$aW1606-1753$c20171028$lBLL01$h1352
=CAT  \\$aW2011-1472$b00$c20201127$lBLL01$h1833
=FIN  \\$aY$d20130610
=LAS  \\$aW2011-1472$b00$c20201127$lBLL01$h1833

