=LDR  02632 gm a2200421uu 4500
=001  016427969
=003  Uk
=005  20201127183325.0
=008  100813s9999\\\\xx\|||\|||||||||||mleng\d
=FMT  \\$a  VM
=035  \\$aASP1784901/ant1
=245  00$aThe First People: The Last Word
=260  \\$aNew York, NY$bFilmakers Library
=306  \\$a44 minutes
=490  0\$aEthnographic Video Online, Volume 1
=520  3\$aFor the first time since their land was taken many Native Americans tribes have the opportunity of taking over the rights to the land they live on and creating a cultural consciousness . No longer do they fit the old stereotypical image of the impoverished, drunken Indian. They now play a new role in American society both culturally and economically. The filmmakers start their journey in the Dakotas, where 100 years ago the Oglala Sioux Nation was nearly wiped out at Wounded Knee. Today the Oglala Lakota College is the fastest growing college in South Dakota. Navahos that live on the country's biggest Indian reservation, covering parts of Arizona, Utah and New Mexico, have chosen not to build casinos since their land is rich in coal, oil and minerals. Yet casino's remain the most refined revenge for past sins, enabling the East Coast tribes to systematically empty America's pockets. The filmmakers talk to an Indian attorney, a movie director, an artist, a nurse and others. The question remains will Native Americans be able to maintain their unique culture now that they are participating in the American dream.
=546  \\$aIn English
=650  04$aAmerican Indian
=650  \4$aCultural assimilation
=650  \4$aTribal and national groups
=650  \4$aCultural identity
=650  \4$aAmerican Indian communities
=700  1\$aJansen, Torsten.$4pro
=700  1\$aRuzou, Hanne$4pro
=773  0\$dNew York, NY : Filmakers Library
=856  40$uhttp://www.aspresolver.com/aspresolver.asp?ANTH;1784901$yAlexander Street Press Ethnographic Video Online
=859  \\$aORR$bAlexander Street Press
=883  0\$aLanguage codes assigned by Bayesian analysis of words present in record$d20201028$qUk$c0.9010
=985  \\$aUpgraded by BSS-generated file for WR2011-1472
=CAT  \\$aWR13_071$b00$c20130610$lBLL01$h1613
=CAT  \\$aBATCH$b00$c20130610$lBLL01$h1613
=CAT  \\$aWR16_088$c20160606$lBLL01$h1632
=CAT  \\$aW1610-0368$c20161006$lBLL01$h0938
=CAT  \\$aW1606-1753$c20171028$lBLL01$h1352
=CAT  \\$aBATCH-UPD$b00$c20200925$lBLL01$h2019
=CAT  \\$aW2011-1472$b00$c20201127$lBLL01$h1833
=FIN  \\$aY$d20130610
=LAS  \\$aW2011-1472$b00$c20201127$lBLL01$h1833

