=LDR  01946 gm a2200469uu 4500
=001  016427970
=003  Uk
=005  20201127183325.0
=008  100813s1994\\\\xx\|||\|||||||||||mleng\d
=FMT  \\$a  VM
=035  \\$aASP764674/ant1
=245  00$aFish is Our Life
=260  \\$aWatertown, MA$bDocumentary Educational Resources (DER)$c1994
=306  \\$a28 minutes
=490  0\$aEthnographic Video Online, Volume 1
=505  00$aThis unusual documentary provides a fascinating profile of an important segment of the Japanese population rarely seen or studied in the West. It focuses on the small businessmen-proprietors who work the 1,100 family-owned businesses at Tsukiji Market, Tokyo's largest wholesale fish market.
=546  \\$aIn English, Japanese
=650  04$aJapanese
=650  \4$aFish
=650  \4$aUrban life
=650  \4$aMarkets
=650  \4$aMerchants
=650  \4$aCommercial fishing
=700  1\$aLeicester, Elizabeth.$4pro
=700  1\$aSugisaki, Sojiro.$4pro
=700  1\$aKawamura, Tomoko.$4pro
=700  1\$aBeckman, Peregrine.$4aut
=700  1\$aBeckman, Peregrine.$4drt
=773  0\$dWatertown, MA : Documentary Educational Resources (DER), 1994
=856  40$uhttp://www.aspresolver.com/aspresolver.asp?ANTH;764674$yAlexander Street Press Ethnographic Video Online
=859  \\$aORR$bAlexander Street Press
=883  0\$aLanguage codes assigned by Bayesian analysis of words present in record$d20201028$qUk$c0.9010
=985  \\$aUpgraded by BSS-generated file for WR2011-1472
=CAT  \\$aWR13_071$b00$c20130610$lBLL01$h1613
=CAT  \\$aBATCH$b00$c20130610$lBLL01$h1613
=CAT  \\$aWR16_088$c20160606$lBLL01$h1632
=CAT  \\$aBATCH-UPD$b00$c20160606$lBLL01$h1634
=CAT  \\$aW1610-0368$c20161006$lBLL01$h0938
=CAT  \\$aW1606-1753$c20171028$lBLL01$h1352
=CAT  \\$aW2011-1472$b00$c20201127$lBLL01$h1833
=FIN  \\$aY$d20130610
=LAS  \\$aW2011-1472$b00$c20201127$lBLL01$h1833

