=LDR  02129 gm a2200517uu 4500
=001  016427974
=003  Uk
=005  20201127183325.0
=008  100813s2001\\\\xx\|||\|||||||||||mleng\d
=FMT  \\$a  VM
=035  \\$aASP764676/ant1
=245  00$aFishers of Dar
=260  \\$aWatertown, MA$bDocumentary Educational Resources (DER)$c2001
=306  \\$a38 minutes
=490  0\$aEthnographic Video Online, Volume 1
=505  00$aSamaki wa Dar es Salaam/Fishers of Dar is an ethnographic film about the fishermen and women of downtown Dar es Salaam, Tanzania. It explores the continuity and integrity of traditional fishing practices in new, contemporary settings.
=546  \\$aIn English, Swahili, Subtitles in English
=650  04$aTanzanian
=650  \4$aTribal and national groups
=650  \4$aCultural change and history
=650  \4$aMaritime commerce occupations
=650  \4$aEconomics
=700  1\$aFruzzetti, Lina.$4pro
=700  1\$aLihamba, Amandina.$4pro
=700  1\$aÖstör, Ákos.$4pro
=700  1\$aFruzzetti, Lina.$4aut
=700  1\$aRoss, Steven.$4aut
=700  1\$aÖstör, Ákos.$4aut
=700  1\$aFruzzetti, Lina.$4drt
=700  1\$aRoss, Steven.$4drt
=700  1\$aÖstör, Ákos.$4drt
=773  0\$dWatertown, MA : Documentary Educational Resources (DER), 2001
=856  40$uhttp://www.aspresolver.com/aspresolver.asp?ANTH;764676$yAlexander Street Press Ethnographic Video Online
=859  \\$aORR$bAlexander Street Press
=883  0\$aLanguage codes assigned by Bayesian analysis of words present in record$d20201028$qUk$c0.9010
=985  \\$aUpgraded by BSS-generated file for WR2011-1472
=CAT  \\$aWR13_071$b00$c20130610$lBLL01$h1613
=CAT  \\$aBATCH$b00$c20130610$lBLL01$h1613
=CAT  \\$aBATCH-UPD$b00$c20141213$lBLL01$h2202
=CAT  \\$aBATCH-UPD$b00$c20150426$lBLL01$h2052
=CAT  \\$aWR16_088$c20160606$lBLL01$h1632
=CAT  \\$aW1610-0368$c20161006$lBLL01$h0938
=CAT  \\$aW1606-1753$c20171028$lBLL01$h1352
=CAT  \\$aW2011-1472$b00$c20201127$lBLL01$h1833
=FIN  \\$aY$d20130610
=LAS  \\$aW2011-1472$b00$c20201127$lBLL01$h1833

