=LDR  01854 gm a2200445uu 4500
=001  016427976
=003  Uk
=005  20201127183325.0
=008  100813s1967\\\\xx\|||\|||||||||||mleng\d
=FMT  \\$a  VM
=035  \\$aASP764680/ant1
=245  00$aFishing at the Stone Weir Part 2
=260  \\$aWatertown, MA$bDocumentary Educational Resources (DER)$c1967
=306  \\$a27 minutes
=490  0\$aEthnographic Video Online, Volume 1
=505  00$aThere are many men fishing now and even the children on shore imitate the motions of the men. Rain sweeps over the tundra but the work goes on, the men splashing through the weir, furs hitched high, seemingly little affected by the cold water.
=650  04$aEskimo
=650  \4$aDaily life
=650  \4$aSport fishing
=650  \4$aCultural identity
=650  \4$aTribal and national groups
=700  1\$aBrown, Quentin.$4pro
=700  1\$aBalikci, Asen$4aut
=700  1\$aBrown, Quentin.$4aut
=700  1\$aBrown, Quentin.$4drt
=700  1\$aBalikci, Asen$4ctb
=773  0\$dWatertown, MA : Documentary Educational Resources (DER), 1967
=856  40$uhttp://www.aspresolver.com/aspresolver.asp?ANTH;764680$yAlexander Street Press Ethnographic Video Online
=859  \\$aORR$bAlexander Street Press
=883  0\$aLanguage codes assigned by Bayesian analysis of words present in record$d20201028$qUk$c0.9010
=985  \\$aUpgraded by BSS-generated file for WR2011-1472
=CAT  \\$aWR13_071$b00$c20130610$lBLL01$h1613
=CAT  \\$aBATCH$b00$c20130610$lBLL01$h1613
=CAT  \\$aWR16_088$c20160606$lBLL01$h1632
=CAT  \\$aBATCH-UPD$b00$c20160606$lBLL01$h1634
=CAT  \\$aW1610-0368$c20161006$lBLL01$h0938
=CAT  \\$aW1606-1753$c20171028$lBLL01$h1352
=CAT  \\$aW2011-1472$b00$c20201127$lBLL01$h1833
=FIN  \\$aY$d20130610
=LAS  \\$aW2011-1472$b00$c20201127$lBLL01$h1833

