=LDR  01931 gm a2200517uu 4500
=001  016427978
=003  Uk
=005  20201127183325.0
=008  100813s9999\\\\xx\|||\|||||||||||mleng\d
=FMT  \\$a  VM
=035  \\$aASP764682/ant1
=245  00$aFit Surroundings
=260  \\$aWatertown, MA$bDocumentary Educational Resources (DER)
=306  \\$a30 minutes
=490  0\$aEthnographic Video Online, Volume 1
=505  00$aBased on more than a decade of field research, this colorful report on the high-touch craft of shellfish diving, takes us to the coast of the Shima Peninsula in central Japan.
=546  \\$aIn English
=650  04$aJapanese
=650  \4$aWomen
=650  \4$aFish
=650  \4$aCommercial fishing
=700  1\$aHill, Jacquetta$4pro
=700  1\$aPlath, David$4pro
=700  1\$aHill, Jacquetta$4aut
=700  1\$aPlath, David$4aut
=700  1\$aHill, Jacquetta$4drt
=700  1\$aPlath, David$4drt
=700  1\$aHamaguchi, Aki$4oth
=700  1\$aHamaguchi, Kazumi$4oth
=700  1\$aIkeuchi, Masakazu$4oth
=700  1\$aSakaguchi, Suyako$4oth
=700  1\$aTabata, Kiyo$4oth
=700  1\$aPlath, David$4nrt
=773  0\$dWatertown, MA : Documentary Educational Resources (DER)
=856  40$uhttp://www.aspresolver.com/aspresolver.asp?ANTH;764682$yAlexander Street Press Ethnographic Video Online
=859  \\$aORR$bAlexander Street Press
=883  0\$aLanguage codes assigned by Bayesian analysis of words present in record$d20201028$qUk$c0.9010
=985  \\$aUpgraded by BSS-generated file for WR2011-1472
=CAT  \\$aWR13_071$b00$c20130610$lBLL01$h1613
=CAT  \\$aBATCH$b00$c20130610$lBLL01$h1613
=CAT  \\$aWR16_088$c20160606$lBLL01$h1632
=CAT  \\$aW1610-0368$c20161006$lBLL01$h0938
=CAT  \\$aW1606-1753$c20171028$lBLL01$h1352
=CAT  \\$aW2011-1472$b00$c20201127$lBLL01$h1833
=FIN  \\$aY$d20130610
=LAS  \\$aW2011-1472$b00$c20201127$lBLL01$h1833

