=LDR  01870 gm a2200469uu 4500
=001  016427980
=003  Uk
=005  20201127183325.0
=008  100813s1965\\\\xx\|||\|||||||||||mleng\d
=FMT  \\$a  VM
=035  \\$aASP764686/ant1
=245  00$aFlatland
=260  \\$aWatertown, MA$bDocumentary Educational Resources (DER)$c1965
=306  \\$a11 minutes
=490  0\$aEthnographic Video Online, Volume 1
=505  00$aIn 1962 John Hubley came to Harvard University as the first teacher of animation in the new Visual Arts Center. It was his idea to make a film based on Edwin Abbott's famous novel about life in a two-dimensional world, Flatland.
=546  \\$aIn English
=650  \4$aSocial classes
=650  \4$aMathematics
=650  \4$aPhilosophy
=650  \4$aPhysics
=700  1\$aHubley, John.$4pro
=700  1\$aAbbott, Edwin$4aut
=700  1\$aMartin, Eric.$4drt
=700  1\$aMoore, Dudley$4oth
=700  1\$aBerlin, Alexandra.$4nrt
=700  1\$aMaude-Roxby, Roddy.$4nrt
=700  1\$aMoore, Dudley$4nrt
=773  0\$dWatertown, MA : Documentary Educational Resources (DER), 1965
=856  40$uhttp://www.aspresolver.com/aspresolver.asp?ANTH;764686$yAlexander Street Press Ethnographic Video Online
=859  \\$aORR$bAlexander Street Press
=883  0\$aLanguage codes assigned by Bayesian analysis of words present in record$d20201028$qUk$c0.9010
=985  \\$aUpgraded by BSS-generated file for WR2011-1472
=CAT  \\$aWR13_071$b00$c20130610$lBLL01$h1613
=CAT  \\$aBATCH$b00$c20130610$lBLL01$h1613
=CAT  \\$aBATCH-UPD$b00$c20160519$lBLL01$h2038
=CAT  \\$aWR16_088$c20160606$lBLL01$h1632
=CAT  \\$aW1610-0368$c20161006$lBLL01$h0938
=CAT  \\$aW1606-1753$c20171028$lBLL01$h1352
=CAT  \\$aW2011-1472$b00$c20201127$lBLL01$h1833
=FIN  \\$aY$d20130610
=LAS  \\$aW2011-1472$b00$c20201127$lBLL01$h1833

