=LDR  02633 gm a2200601uu 4500
=001  016427981
=003  Uk
=005  20201127183325.0
=008  100813s2003\\\\xx\|||\|||||||||||mleng\d
=FMT  \\$a  VM
=035  \\$aASP764688/ant1
=245  00$aFloating Market
=260  \\$aWatertown, MA$bDocumentary Educational Resources (DER)$c2003
=306  \\$a53 minutes
=490  0\$aEthnographic Video Online, Volume 1
=505  00$aFor many decades, hundreds of Venezuelan men in search of economic opportunity have sailed forty miles across the Caribbean from Venezuela to the island of Curaçao in small wooden boats to sell tropical fruits and vegetables in Curaçao's floating market, leaving behind their families in the coastal fishing villages of Venezuela for months at a time. Continuing a tradition passed down from father to son for generations, they form a Venezuelan community along the quays of downtown Willemstad, capital of Curaçao.
=546  \\$aIn English, Spanish, Subtitles in English
=650  04$aVenezuelan
=650  \4$aShipwrecks
=650  \4$aBoats and ships
=650  \4$aFamily separation
=650  \4$aMarkets
=650  \4$aEmployment opportunities
=650  \4$aSmuggling
=700  1\$aKaufman, Joan.$4pro
=700  1\$aJansen, Elsio A.$4aut
=700  1\$aKaufman, Joan.$4aut
=700  1\$aShavit, Iftach.$4aut
=700  1\$aKaufman, Joan.$4drt
=700  1\$aCasseres, Charles Gomes$4oth
=700  1\$aChirinos, Luis.$4oth
=700  1\$aDe Chirinos, Aidaly Zea$4oth
=700  1\$aGarcia, Ely Galindo$4oth
=700  1\$aMachado, Teresa$4oth
=700  1\$aMedina, Victor.$4oth
=700  1\$aVasquez, Arevalo$4oth
=700  1\$aVelasquez, Jorgelina$4oth
=700  1\$aYamarte, Donald Gonzales$4oth
=700  1\$aAjami, Jocelyn$4nrt
=773  0\$dWatertown, MA : Documentary Educational Resources (DER), 2003
=856  40$uhttp://www.aspresolver.com/aspresolver.asp?ANTH;764688$yAlexander Street Press Ethnographic Video Online
=859  \\$aORR$bAlexander Street Press
=883  0\$aLanguage codes assigned by Bayesian analysis of words present in record$d20201028$qUk$c0.9010
=985  \\$aUpgraded by BSS-generated file for WR2011-1472
=CAT  \\$aWR13_071$b00$c20130610$lBLL01$h1613
=CAT  \\$aBATCH$b00$c20130610$lBLL01$h1613
=CAT  \\$aWR16_088$c20160606$lBLL01$h1632
=CAT  \\$aBATCH-UPD$b00$c20160606$lBLL01$h1634
=CAT  \\$aW1610-0368$c20161006$lBLL01$h0938
=CAT  \\$aW1606-1753$c20171028$lBLL01$h1352
=CAT  \\$aW2011-1472$b00$c20201127$lBLL01$h1833
=FIN  \\$aY$d20130610
=LAS  \\$aW2011-1472$b00$c20201127$lBLL01$h1833

