=LDR  03217 gm a2200589uu 4500
=001  016427982
=003  Uk
=005  20201127183325.0
=008  100813s2006\\\\xx\|||\|||||||||||mleng\d
=FMT  \\$a  VM
=035  \\$aASP764690/ant1
=245  00$aFlock of Dodos: The Evolution-Intelligent Design Circus
=260  \\$aWatertown, MA$bDocumentary Educational Resources (DER)$c2006
=306  \\$a84 minutes
=490  0\$aEthnographic Video Online, Volume 1
=505  00$aFlock of Dodos: The Evolution-Intelligent Design Circus explores the Darwin vs. intelligent design controversy. Filmmaker/ evolutionary ecologist/ surfer Dr. Randy Olson travels to his home state of Kansas, the top battle ground for evolution, where he challenges top advocates for intelligent design, and with a sense of scientific inquiry tries to understand a movement that so misfired that in Dover PA., a Republican-Bush appointee judge labeled local efforts to teach intelligent design as "breathtaking inanity."School districts are now grappling with the efforts to introduce intelligent design, the movement evolutionists prefer to call "creationism in a cheap tuxedo." However Olson also paints an unflattering portrait of his fellow scientists. Pulling together eight evolutionists for a night of poker, he reveals them to be arrogant, condescending, and self-certain until they eventually turn on themselves in a spat that sounds like...a flock of dodos.The film provides laughter and enough serious ideas to prompt hours of discussion. Always trying to maintain a fair attitude, the film is one that audiences from both sides to watch it together.
=546  \\$aIn English
=600  14$aDarwin, Charles Robert
=650  04$aAmerican
=650  \4$aReligion
=650  \4$aCreationism
=650  \4$aSchool curriculums
=650  \4$aSciences
=650  \4$aEvolution
=700  1\$aCarlisle, Ty.$4pro
=700  1\$aJanata, Julie.$4pro
=700  1\$aMiller, Steven.$4pro
=700  1\$aOlson, Randy.$4aut
=700  1\$aOlson, Randy.$4drt
=700  1\$aBehe, Michael$4oth
=700  1\$aBottjer, David$4oth
=700  1\$aCalvert, John.$4oth
=700  1\$aCashill, Jack.$4oth
=700  1\$aHanken, James.$4oth
=700  1\$aMoose, Muffy$4oth
=700  1\$aOlson, Randy.$4nrt
=773  0\$dWatertown, MA : Documentary Educational Resources (DER), 2006
=856  40$uhttp://www.aspresolver.com/aspresolver.asp?ANTH;764690$yAlexander Street Press Ethnographic Video Online
=859  \\$aORR$bAlexander Street Press
=883  0\$aLanguage codes assigned by Bayesian analysis of words present in record$d20201028$qUk$c0.9010
=985  \\$aUpgraded by BSS-generated file for WR2011-1472
=CAT  \\$aWR13_071$b00$c20130610$lBLL01$h1613
=CAT  \\$aBATCH$b00$c20130610$lBLL01$h1613
=CAT  \\$aBATCH-UPD$b00$c20130610$lBLL01$h1616
=CAT  \\$aBATCH-UPD$b00$c20141222$lBLL01$h1506
=CAT  \\$aBATCH-UPD$b00$c20150404$lBLL01$h1610
=CAT  \\$aWR16_088$c20160606$lBLL01$h1632
=CAT  \\$aW1610-0368$c20161006$lBLL01$h0938
=CAT  \\$aW1606-1753$c20171028$lBLL01$h1352
=CAT  \\$aW2011-1472$b00$c20201127$lBLL01$h1833
=FIN  \\$aY$d20130610
=LAS  \\$aW2011-1472$b00$c20201127$lBLL01$h1833

