=LDR  01535 gm a2200421uu 4500
=001  016427984
=003  Uk
=005  20201127183325.0
=008  100813s2000\\\\xx\|||\|||||||||||mleng\d
=FMT  \\$a  VM
=035  \\$aASP1870877/ant1
=245  00$aFood Music Feelings: Identity In An Italian Market
=260  \\$aSt. Petersburg, FL$bLjudost Productions$c2000
=306  \\$a18 minutes
=490  0\$aEthnographic Video Online, Volume 1
=505  00$aIn English
=650  04$aItalian
=650  \4$aCooking
=650  \4$aOperas
=650  \4$aCultural identity
=650  \4$aItalian people
=700  1\$aSokolovsky, Jay.$4drt
=700  1\$aRossi, Frank.$4oth
=773  0\$dSt. Petersburg, FL : Ljudost Productions, 2000
=856  40$uhttp://www.aspresolver.com/aspresolver.asp?ANTH;1870877$yAlexander Street Press Ethnographic Video Online
=859  \\$aORR$bAlexander Street Press
=883  0\$aLanguage codes assigned by Bayesian analysis of words present in record$d20201028$qUk$c0.9010
=985  \\$aUpgraded by BSS-generated file for WR2011-1472
=CAT  \\$aWR13_071$b00$c20130610$lBLL01$h1613
=CAT  \\$aBATCH$b00$c20130610$lBLL01$h1613
=CAT  \\$aBATCH-UPD$b00$c20150307$lBLL01$h1831
=CAT  \\$aWR16_088$c20160606$lBLL01$h1632
=CAT  \\$aBATCH-UPD$b00$c20160606$lBLL01$h1634
=CAT  \\$aW1610-0368$c20161006$lBLL01$h0938
=CAT  \\$aW1606-1753$c20171028$lBLL01$h1352
=CAT  \\$aW2011-1472$b00$c20201127$lBLL01$h1833
=FIN  \\$aY$d20130610
=LAS  \\$aW2011-1472$b00$c20201127$lBLL01$h1833

