=LDR  01790 gm a2200433uu 4500
=001  016427985
=003  Uk
=005  20201127183325.0
=008  100813s1986\\\\xx\|||\|||||||||||mleng\d
=FMT  \\$a  VM
=035  \\$aASP764692/ant1
=245  00$aForest of Bliss
=260  \\$aWatertown, MA$bDocumentary Educational Resources (DER)$c1986
=306  \\$a90 minutes
=490  0\$aEthnographic Video Online, Volume 1
=505  00$aForest of Bliss is an unsparing yet redemptive account of the inevitable griefs, religious passions and frequent happinesses that punctuate daily life in Benares, India's most holy city. The film unfolds from one sunrise to the next without commentary, subtitles or dialogue.
=546  \\$aIn English
=650  04$aIndian
=650  \4$aDeaths
=650  \4$aBurial customs
=650  \4$aFunerals
=650  \4$aHinduism
=650  \4$aDaily life
=700  1\$aGardner, Robert.$4drt
=700  1\$aÖstör, Ákos.$4drt
=773  0\$dWatertown, MA : Documentary Educational Resources (DER), 1986
=856  40$uhttp://www.aspresolver.com/aspresolver.asp?ANTH;764692$yAlexander Street Press Ethnographic Video Online
=859  \\$aORR$bAlexander Street Press
=883  0\$aLanguage codes assigned by Bayesian analysis of words present in record$d20201028$qUk$c0.9010
=985  \\$aUpgraded by BSS-generated file for WR2011-1472
=CAT  \\$aWR13_071$b00$c20130610$lBLL01$h1613
=CAT  \\$aBATCH$b00$c20130610$lBLL01$h1613
=CAT  \\$aWR16_088$c20160606$lBLL01$h1632
=CAT  \\$aBATCH-UPD$b00$c20160606$lBLL01$h1634
=CAT  \\$aW1610-0368$c20161006$lBLL01$h0938
=CAT  \\$aW1606-1753$c20171028$lBLL01$h1352
=CAT  \\$aW2011-1472$b00$c20201127$lBLL01$h1833
=FIN  \\$aY$d20130610
=LAS  \\$aW2011-1472$b00$c20201127$lBLL01$h1833

