=LDR  01614 gm a2200457uu 4500
=001  016427986
=003  Uk
=005  20201127183325.0
=008  100813s1998\\\\xx\|||\|||||||||||mleng\d
=FMT  \\$a  VM
=035  \\$aASP1646964/ant1
=245  00$aThe Forgotten Island
=260  \\$aLondon, England$bBritish Broadcasting Corporation (BBC)$c1998
=306  \\$a48 minutes
=490  0\$aEthnographic Video Online, Volume 1
=505  00$aIn English
=650  04$aTristanian
=650  \4$aFamily
=650  \4$aVolcanoes
=650  \4$aKin relationships
=650  \4$aIslands
=650  \4$aCommercial fishing
=650  \4$aEnvironment
=700  1\$aKersken, Uwe.$4pro
=700  1\$aKersken, Uwe.$4aut
=700  1\$aKersken, Uwe.$4drt
=700  1\$aRepetto, Elaine$4nrt
=773  0\$dLondon, England : British Broadcasting Corporation (BBC), 1998
=856  40$uhttp://www.aspresolver.com/aspresolver.asp?ANTH;1646964$yAlexander Street Press Ethnographic Video Online
=859  \\$aORR$bAlexander Street Press
=883  0\$aLanguage codes assigned by Bayesian analysis of words present in record$d20201028$qUk$c0.9010
=985  \\$aUpgraded by BSS-generated file for WR2011-1472
=CAT  \\$aWR13_071$b00$c20130610$lBLL01$h1613
=CAT  \\$aBATCH$b00$c20130610$lBLL01$h1613
=CAT  \\$aWR16_088$c20160606$lBLL01$h1632
=CAT  \\$aBATCH-UPD$b00$c20160606$lBLL01$h1634
=CAT  \\$aW1610-0368$c20161006$lBLL01$h0938
=CAT  \\$aW1606-1753$c20171028$lBLL01$h1352
=CAT  \\$aW2011-1472$b00$c20201127$lBLL01$h1833
=FIN  \\$aY$d20130610
=LAS  \\$aW2011-1472$b00$c20201127$lBLL01$h1833

