=LDR  01988 gm a2200481uu 4500
=001  016427989
=003  Uk
=005  20201127183325.0
=008  100813s1988\\\\xx\|||\|||||||||||mleng\d
=FMT  \\$a  VM
=035  \\$aASP764694/ant1
=245  00$aFrançois Pernet, Carpenter and Sculptor
=260  \\$aWatertown, MA$bDocumentary Educational Resources (DER)$c1988
=306  \\$a26 minutes
=490  0\$aEthnographic Video Online, Volume 1
=505  00$aLike his grandfather and his father before him, François Pernet is a mountain peasant and works with wood. He trained as a carpenter and cabinet maker and owns the last water-powered sawmill still operating in French-speaking Switzerland.
=546  \\$aIn French, Subtitles in English
=650  04$aSwiss
=650  \4$aLumber mills
=650  \4$aCultural change and history
=650  \4$aRural population
=650  \4$aSculptors
=650  \4$aCarpenters
=650  \4$aCrafts
=700  1\$aVeuve, Jacqueline.$4pro
=700  1\$aVeuve, Jacqueline.$4aut
=700  1\$aVeuve, Jacqueline.$4drt
=700  1\$aPernet, François.$4oth
=773  0\$dWatertown, MA : Documentary Educational Resources (DER), 1988
=856  40$uhttp://www.aspresolver.com/aspresolver.asp?ANTH;764694$yAlexander Street Press Ethnographic Video Online
=859  \\$aORR$bAlexander Street Press
=883  0\$aLanguage codes assigned by Bayesian analysis of words present in record$d20201028$qUk$c0.9010
=985  \\$aUpgraded by BSS-generated file for WR2011-1472
=CAT  \\$aWR13_071$b00$c20130610$lBLL01$h1613
=CAT  \\$aBATCH$b00$c20130610$lBLL01$h1613
=CAT  \\$aBATCH-UPD$b00$c20130610$lBLL01$h1616
=CAT  \\$aWR16_088$c20160606$lBLL01$h1632
=CAT  \\$aBATCH-UPD$b00$c20160606$lBLL01$h1634
=CAT  \\$aW1610-0368$c20161006$lBLL01$h0938
=CAT  \\$aW1606-1753$c20171028$lBLL01$h1352
=CAT  \\$aW2011-1472$b00$c20201127$lBLL01$h1833
=FIN  \\$aY$d20130610
=LAS  \\$aW2011-1472$b00$c20201127$lBLL01$h1833

