=LDR  01936 gm a2200481uu 4500
=001  016427990
=003  Uk
=005  20201127183325.0
=008  100813s1991\\\\xx\|||\|||||||||||mleng\d
=FMT  \\$a  VM
=035  \\$aASP910046/ant1
=245  00$aFrançois Reydet and His Sister Juliette
=260  \\$aWatertown, MA$bDocumentary Educational Resources (DER)$c1991
=306  \\$a14 minutes
=490  0\$aEthnographic Video Online, Volume 1
=505  00$aThese 8 documentaries, in French with English subtitles, are are part of a series on life in four mountain communities in Haute-Savoie, France. In the first 4 segments, women discuss their personal histories and family relationships.
=546  \\$aIn French, Subtitles in English
=650  04$aFrench
=650  \4$aRelationships
=650  \4$aMarriage
=650  \4$aFamily farms
=650  \4$aWomen
=650  \4$aFarmers
=700  1\$aLuque, Aline.$4aut
=700  1\$aLuque, Aline.$4drt
=700  1\$aAllamand, Louisa$4oth
=700  1\$aRey, Evelyne$4oth
=700  1\$aReydet, François$4oth
=700  1\$aReydet, Juliette$4oth
=773  0\$dWatertown, MA : Documentary Educational Resources (DER), 1991
=856  40$uhttp://www.aspresolver.com/aspresolver.asp?ANTH;910046$yAlexander Street Press Ethnographic Video Online
=859  \\$aORR$bAlexander Street Press
=883  0\$aLanguage codes assigned by Bayesian analysis of words present in record$d20201028$qUk$c0.9010
=985  \\$aUpgraded by BSS-generated file for WR2011-1472
=CAT  \\$aWR13_071$b00$c20130610$lBLL01$h1613
=CAT  \\$aBATCH$b00$c20130610$lBLL01$h1613
=CAT  \\$aWR16_088$c20160606$lBLL01$h1632
=CAT  \\$aBATCH-UPD$b00$c20160606$lBLL01$h1634
=CAT  \\$aW1610-0368$c20161006$lBLL01$h0938
=CAT  \\$aW1606-1753$c20171028$lBLL01$h1352
=CAT  \\$aW2011-1472$b00$c20201127$lBLL01$h1833
=FIN  \\$aY$d20130610
=LAS  \\$aW2011-1472$b00$c20201127$lBLL01$h1833

