=LDR  02311 gm a2200553uu 4500
=001  016427992
=003  Uk
=005  20201127183325.0
=008  100813s2000\\\\xx\|||\|||||||||||mleng\d
=FMT  \\$a  VM
=035  \\$aASP764696/ant1
=245  00$aFreedom Never Dies - The Legacy of Harry T. Moore
=260  \\$aWatertown, MA$bDocumentary Educational Resources (DER)$c2000
=306  \\$a90 minutes
=490  0\$aEthnographic Video Online, Volume 1
=505  00$aOn Christmas night 1951, Harry T. Moore and his wife Harriette retired to bed in their white frame house tucked inside a small orange grove in Mims, Florida. Ten minutes later, a bomb shattered their house, their lives, and any notions that the South's post-war transition to racial equality would be a smooth one. Harry Moore died that night, his wife nine days later.
=546  \\$aIn English
=600  14$aMoore, Harry Tyson
=650  04$aAfrican American
=650  04$aAmerican
=650  \4$aInterracial relations
=650  \4$aViolence
=650  \4$aLynching
=650  \4$aSocial activists
=650  \4$aRacism
=650  \4$aCivil rights
=700  1\$aDickson, Sandra.$4pro
=700  1\$aRoberts, Churchill.$4pro
=700  1\$aDickson, Sandra.$4aut
=700  1\$aRoberts, Churchill.$4aut
=700  1\$aDickson, Sandra.$4drt
=700  1\$aRoberts, Churchill.$4drt
=700  1\$aDavis, Ossie.$4nrt
=700  1\$aDee, Ruby.$4nrt
=773  0\$dWatertown, MA : Documentary Educational Resources (DER), 2000
=856  40$uhttp://www.aspresolver.com/aspresolver.asp?ANTH;764696$yAlexander Street Press Ethnographic Video Online
=859  \\$aORR$bAlexander Street Press
=883  0\$aLanguage codes assigned by Bayesian analysis of words present in record$d20201028$qUk$c0.9010
=985  \\$aUpgraded by BSS-generated file for WR2011-1472
=CAT  \\$aWR13_071$b00$c20130610$lBLL01$h1613
=CAT  \\$aBATCH$b00$c20130610$lBLL01$h1613
=CAT  \\$aBATCH-UPD$b00$c20150406$lBLL01$h1829
=CAT  \\$aWR16_088$c20160606$lBLL01$h1632
=CAT  \\$aW1610-0368$c20161006$lBLL01$h0938
=CAT  \\$aW1606-1753$c20171028$lBLL01$h1352
=CAT  \\$aBATCH-UPD$b00$c20200620$lBLL01$h1707
=CAT  \\$aW2011-1472$b00$c20201127$lBLL01$h1833
=FIN  \\$aY$d20130610
=LAS  \\$aW2011-1472$b00$c20201127$lBLL01$h1833

