=LDR  02250 gm a2200385uu 4500
=001  016427993
=003  Uk
=005  20201127183325.0
=008  100813s9999\\\\xx\|||\|||||||||||mleng\d
=FMT  \\$a  VM
=035  \\$aASP1869275/ant1
=245  00$aFriend, Well Come!
=260  \\$aWatertown, MA$bDocumentary Educational Resources (DER)
=306  \\$a50 minutes
=490  0\$aEthnographic Video Online, Volume 1
=505  00$aBalafon is the name given in French-speaking West Africa to a xylophone with calabash resonators. This instrument is emblematic of the Senufo people of the Côte d'Ivoire (the former Ivory Coast). The balafon is played under differing circumstances and in combination with different groups of instruments. Not for nothing do the peoples of the Côte d'Ivoire call the northern part of their country "the land of the balafon."Filmed in long sequences to preserve the integrity of the music and speech of the musicians, this series of four documentaries introduces the audience to the fascinating world of a living musical tradition. Each documentary can be viewed independently, as a whole, or in sections indicated by chapter titles. The complete series lasts nearly 4 ½ hours (including extras), providing a full account of a sophisticated African musical tradition.
=546  \\$aIn English
=650  04$aSenufo
=650  \4$aFunerals
=650  \4$aTribal and national groups
=650  \4$aMusic
=650  \4$aField work for anthropology
=773  0\$dWatertown, MA : Documentary Educational Resources (DER)
=856  40$uhttp://www.aspresolver.com/aspresolver.asp?ANTH;1869275$yAlexander Street Press Ethnographic Video Online
=859  \\$aORR$bAlexander Street Press
=883  0\$aLanguage codes assigned by Bayesian analysis of words present in record$d20201028$qUk$c0.9010
=985  \\$aUpgraded by BSS-generated file for WR2011-1472
=CAT  \\$aWR13_071$b00$c20130610$lBLL01$h1613
=CAT  \\$aBATCH$b00$c20130610$lBLL01$h1613
=CAT  \\$aWR16_088$c20160606$lBLL01$h1632
=CAT  \\$aW1610-0368$c20161006$lBLL01$h0938
=CAT  \\$aW1606-1753$c20171028$lBLL01$h1352
=CAT  \\$aW2011-1472$b00$c20201127$lBLL01$h1833
=FIN  \\$aY$d20130610
=LAS  \\$aW2011-1472$b00$c20201127$lBLL01$h1833

