=LDR  02183 gm a2200517uu 4500
=001  016427995
=003  Uk
=005  20201127183325.0
=008  100813s1992\\\\xx\|||\|||||||||||mleng\d
=FMT  \\$a  VM
=035  \\$aASP806716/ant1
=245  00$aFriends, Fools, Family: Rouch's Collaborators in Niger (FRENCH)
=260  \\$aWatertown, MA$bDocumentary Educational Resources (DER)$c1992
=306  \\$a68 minutes
=490  0\$aEthnographic Video Online, Volume 1
=505  00$aJean Rouch is known to many worldwide as a French anthropologist and innovative filmmaker. Much of his work is linked to the birth of cinéma vérité. However, Rouch's fifty-year involvement with a particular group of people in Niger shines a more personal light on his work - one of friendship and collaboration.
=546  \\$aIn French
=600  14$aRouch, Jean.
=650  04$aNigerien (Niger)
=650  \4$aDeaths
=650  \4$aFriends
=650  \4$aEthnographic methodology
=650  \4$aFilmmaking
=650  \4$aMale friends
=700  1\$aJørgensen, Anne-Mette.$4aut
=700  1\$aMadsen, Berit$4aut
=700  1\$aJørgensen, Anne-Mette.$4drt
=700  1\$aMadsen, Berit$4drt
=700  1\$aHamidou, Moussa.$4oth
=700  1\$aMouzourane, Tallou.$4oth
=700  1\$aZika, Damouré.$4oth
=773  0\$dWatertown, MA : Documentary Educational Resources (DER), 1992
=856  40$uhttp://www.aspresolver.com/aspresolver.asp?ANTH;806716$yAlexander Street Press Ethnographic Video Online
=859  \\$aORR$bAlexander Street Press
=883  0\$aLanguage codes assigned by Bayesian analysis of words present in record$d20201028$qUk$c0.9010
=985  \\$aUpgraded by BSS-generated file for WR2011-1472
=CAT  \\$aWR13_071$b00$c20130610$lBLL01$h1613
=CAT  \\$aBATCH$b00$c20130610$lBLL01$h1613
=CAT  \\$aBATCH-UPD$b00$c20130610$lBLL01$h1616
=CAT  \\$aBATCH-UPD$b00$c20150723$lBLL01$h2036
=CAT  \\$aWR16_088$c20160606$lBLL01$h1632
=CAT  \\$aW1610-0368$c20161006$lBLL01$h0938
=CAT  \\$aW1606-1753$c20171028$lBLL01$h1352
=CAT  \\$aW2011-1472$b00$c20201127$lBLL01$h1833
=FIN  \\$aY$d20130610
=LAS  \\$aW2011-1472$b00$c20201127$lBLL01$h1833

