=LDR  01843 gm a2200517uu 4500
=001  016427996
=003  Uk
=005  20201127183325.0
=008  100813s2001\\\\xx\|||\|||||||||||mleng\d
=FMT  \\$a  VM
=035  \\$aASP764700/ant1
=245  00$aFriends in High Places
=260  \\$aWatertown, MA$bDocumentary Educational Resources (DER)$c2001
=306  \\$a88 minutes
=490  0\$aEthnographic Video Online, Volume 1
=505  00$a"Buddhism and nat worship are like mangoes and bananas"
=546  \\$aIn Burmese, English, Subtitles in English
=650  04$aBurmese
=650  \4$aPolitics
=650  \4$aSociology
=650  \4$aBuddhism
=650  \4$aGender
=650  \4$aSexuality
=650  \4$aSpiritual possession
=650  \4$aReligion
=700  1\$aMerrison, Lindsey.$4pro
=700  1\$aMerrison, Lindsey.$4aut
=700  1\$aMerrison, Lindsey.$4drt
=700  1\$aHlaing, Wynn$4oth
=700  1\$aKann Oo, Wei Wei$4oth
=700  1\$aSwan, Ah$4oth
=700  1\$aTin, Ohn$4oth
=773  0\$dWatertown, MA : Documentary Educational Resources (DER), 2001
=856  40$uhttp://www.aspresolver.com/aspresolver.asp?ANTH;764700$yAlexander Street Press Ethnographic Video Online
=859  \\$aORR$bAlexander Street Press
=883  0\$aLanguage codes assigned by Bayesian analysis of words present in record$d20201028$qUk$c0.9010
=985  \\$aUpgraded by BSS-generated file for WR2011-1472
=CAT  \\$aWR13_071$b00$c20130610$lBLL01$h1613
=CAT  \\$aBATCH$b00$c20130610$lBLL01$h1613
=CAT  \\$aWR16_088$c20160606$lBLL01$h1632
=CAT  \\$aBATCH-UPD$b00$c20160606$lBLL01$h1634
=CAT  \\$aW1610-0368$c20161006$lBLL01$h0938
=CAT  \\$aW1606-1753$c20171028$lBLL01$h1352
=CAT  \\$aW2011-1472$b00$c20201127$lBLL01$h1833
=FIN  \\$aY$d20130610
=LAS  \\$aW2011-1472$b00$c20201127$lBLL01$h1833

