=LDR  02709 gm a2200481uu 4500
=001  016427997
=003  Uk
=005  20201127183325.0
=008  100813s9999\\\\xx\|||\|||||||||||mleng\d
=FMT  \\$a  VM
=035  \\$aASP1879589/ant1
=245  00$aThe Friends Of The N'Dorobos
=260  \\$aParis, France$bZED
=306  \\$a27 minutes
=490  0\$aEthnographic Video Online, Volume 1
=505  00$aIn the south of Kenya every year, when everything is in blossom, the N'dorobos go through the bush in search of honey. Their strange ally in this search is the "euchoshoroi," a bird that has led them to the precious nectar since the beginning of time. For Kiloussou's people, honey plays a vital role. It provides food and the means to obtain cattle, but it is especially used to make a beer that is the focal point of all of the tribe's important rites.Kiloussou is an N'dorobo. He lives near the Masaï Mara animal reserve. Along with his father, M'Zegobe, and his young nephew Kisset, he leaves for the forest in search of honey. In the heart of the bush, Kiloussou and M'zegabe call upon their guide bird, which immediately responds and leads them.The bird's cooperation with the N'dorobo is not selfless. Once the honey has been removed, the bird can eat what it likes best without fear of being stung - the wax and the larvae, which the hunters let fall on the ground. And thanks to their faithful ally, Kiloussou and his people can soon return to the village to celebrate their abundant harvest.
=546  \\$aIn English
=650  04$aN'dorobo
=650  \4$aHarvesting
=650  \4$aReligious rites and ceremonies
=650  \4$aMores
=650  \4$aMyths and legends
=650  \4$aSpirituality
=650  \4$aTribal and national groups
=650  \4$aCultural identity
=650  \4$aBeer brewing
=650  \4$aBirds
=700  1\$aCatteau, Manuel$4pro
=700  1\$aSegur, Jérôme$4drt
=700  1\$aWenger, Allan$4nrt
=773  0\$dParis, France : ZED
=856  40$uhttp://www.aspresolver.com/aspresolver.asp?ANTH;1879589$yAlexander Street Press Ethnographic Video Online
=859  \\$aORR$bAlexander Street Press
=883  0\$aLanguage codes assigned by Bayesian analysis of words present in record$d20201028$qUk$c0.9010
=985  \\$aUpgraded by BSS-generated file for WR2011-1472
=CAT  \\$aWR13_071$b00$c20130610$lBLL01$h1613
=CAT  \\$aBATCH$b00$c20130610$lBLL01$h1613
=CAT  \\$aWR16_088$c20160606$lBLL01$h1632
=CAT  \\$aW1610-0368$c20161006$lBLL01$h0938
=CAT  \\$aW1606-1753$c20171028$lBLL01$h1352
=CAT  \\$aW2011-1472$b00$c20201127$lBLL01$h1833
=FIN  \\$aY$d20130610
=LAS  \\$aW2011-1472$b00$c20201127$lBLL01$h1833

