=LDR  02421 gm a2200553uu 4500
=001  016427998
=003  Uk
=005  20201127183325.0
=008  100813s2003\\\\xx\|||\|||||||||||mleng\d
=FMT  \\$a  VM
=035  \\$aASP764706/ant1
=245  00$aFrom Babylonia To Beverly Hills: The Exodus of Iran's Jews
=260  \\$aWatertown, MA$bDocumentary Educational Resources (DER)$c2003
=306  \\$a30 minutes
=490  0\$aEthnographic Video Online, Volume 1
=505  00$aIn 1979, the Islamic Revolution in Iran brought a twenty-five- hundred-year-old history to a close for the Jews who left their homeland for America. Uncertain about their safety and fearing religious persecution in Khomeini's Islamic Theocracy, an estimated 80,000 of Iran's 100,000 Jews fled the country. This documentary tells the story of those Jews who reestablished a tight knit community in Los Angeles.
=546  \\$aIn English, Subtitles in English
=650  04$aIranian
=650  \4$aIntergenerational conflict
=650  \4$aCultural identity
=650  \4$aCultural assimilation
=650  \4$aImmigration and emigration
=650  \4$aReligious persecution
=650  \4$aJewish people
=700  1\$aEshaghian, Tanaz.$4pro
=700  1\$aNodjoumi, Sara.$4pro
=700  1\$aEshaghian, Tanaz.$4aut
=700  1\$aEshaghian, Tanaz.$4drt
=700  1\$aEshaghian, Mahrokh$4oth
=700  0\$aMatt.$4oth
=700  1\$aNickfarjam, Sharona$4oth
=700  1\$aShofet, David.$4oth
=700  1\$aSoleimani, Lorraine$4oth
=700  1\$aSongorian, Robin$4oth
=700  1\$aNodjoumi, Sara.$4nrt
=773  0\$dWatertown, MA : Documentary Educational Resources (DER), 2003
=856  40$uhttp://www.aspresolver.com/aspresolver.asp?ANTH;764706$yAlexander Street Press Ethnographic Video Online
=859  \\$aORR$bAlexander Street Press
=883  0\$aLanguage codes assigned by Bayesian analysis of words present in record$d20201028$qUk$c0.9010
=985  \\$aUpgraded by BSS-generated file for WR2011-1472
=CAT  \\$aWR13_071$b00$c20130610$lBLL01$h1613
=CAT  \\$aBATCH$b00$c20130610$lBLL01$h1613
=CAT  \\$aBATCH-UPD$b00$c20150604$lBLL01$h2057
=CAT  \\$aWR16_088$c20160606$lBLL01$h1632
=CAT  \\$aW1610-0368$c20161006$lBLL01$h0938
=CAT  \\$aW1606-1753$c20171028$lBLL01$h1352
=CAT  \\$aW2011-1472$b00$c20201127$lBLL01$h1833
=FIN  \\$aY$d20130610
=LAS  \\$aW2011-1472$b00$c20201127$lBLL01$h1833

