=LDR  01998 gm a2200457uu 4500
=001  016427999
=003  Uk
=005  20201127183325.0
=008  100813s2006\\\\xx\|||\|||||||||||mleng\d
=FMT  \\$a  VM
=035  \\$aASP764708/ant1
=245  00$aFrom Honey to Ashes
=260  \\$aWatertown, MA$bDocumentary Educational Resources (DER)$c2006
=306  \\$a47 minutes
=490  0\$aEthnographic Video Online, Volume 1
=505  00$aRecorded in 2004
=520  3\$aIn March 2004, one of the world's last voluntarily isolated groups of hunter-gatherers walked out of the forest in northern Paraguay, fleeing ranchers' bulldozers. They formed a new village with their more settled relatives, where they confronted the complexities of learning how to become "Ayoreo Indians" and more critically, how to survive in a rapidly changing world.
=546  \\$aIn English
=650  04$aAyoreo
=650  \4$aPolitics
=650  \4$aCultural participation
=650  \4$aProperty rights
=650  \4$aCultural identity
=650  \4$aTribal and national groups
=700  1\$aBessire, Lucas.$4pro
=700  1\$aBessire, Lucas.$4aut
=700  1\$aBessire, Lucas.$4drt
=773  0\$dWatertown, MA : Documentary Educational Resources (DER), 2006
=856  40$uhttp://www.aspresolver.com/aspresolver.asp?ANTH;764708$yAlexander Street Press Ethnographic Video Online
=859  \\$aORR$bAlexander Street Press
=883  0\$aLanguage codes assigned by Bayesian analysis of words present in record$d20201028$qUk$c0.9010
=985  \\$aUpgraded by BSS-generated file for WR2011-1472
=CAT  \\$aWR13_071$b00$c20130610$lBLL01$h1613
=CAT  \\$aBATCH$b00$c20130610$lBLL01$h1613
=CAT  \\$aBATCH-UPD$b00$c20130610$lBLL01$h1616
=CAT  \\$aWR16_088$c20160606$lBLL01$h1632
=CAT  \\$aW1610-0368$c20161006$lBLL01$h0938
=CAT  \\$aW1606-1753$c20171028$lBLL01$h1352
=CAT  \\$aW2011-1472$b00$c20201127$lBLL01$h1833
=FIN  \\$aY$d20130610
=LAS  \\$aW2011-1472$b00$c20201127$lBLL01$h1833

