=LDR  01730 gm a2200481uu 4500
=001  016428000
=003  Uk
=005  20201127183325.0
=008  100813s1990\\\\xx\|||\|||||||||||mleng\d
=FMT  \\$a  VM
=035  \\$aASP1646999/ant1
=245  00$aFrom the Heart of the World: The Elder Brothers' Warning
=260  \\$aLondon, England$bBritish Broadcasting Corporation (BBC)$c1990
=306  \\$a90 minutes
=490  0\$aEthnographic Video Online, Volume 1
=505  00$aRecorded in 1988
=546  \\$aIn English
=650  04$aKogi
=650  04$aTairona
=650  \4$aTombs
=650  \4$aMyths and legends
=650  \4$aEnvironment
=650  \4$aTribal and national groups
=650  \4$aCultural identity
=650  \4$aArchaeological sites
=650  \4$aAncient civilizations
=700  1\$aEreira, Alan.$4pro
=700  1\$aEreira, Alan.$4aut
=700  1\$aEreira, Alan.$4nrt
=773  0\$dLondon, England : British Broadcasting Corporation (BBC), 1990
=856  40$uhttp://www.aspresolver.com/aspresolver.asp?ANTH;1646999$yAlexander Street Press Ethnographic Video Online
=859  \\$aORR$bAlexander Street Press
=883  0\$aLanguage codes assigned by Bayesian analysis of words present in record$d20201028$qUk$c0.9010
=985  \\$aUpgraded by BSS-generated file for WR2011-1472
=CAT  \\$aWR13_071$b00$c20130610$lBLL01$h1613
=CAT  \\$aBATCH$b00$c20130610$lBLL01$h1613
=CAT  \\$aWR16_088$c20160606$lBLL01$h1632
=CAT  \\$aBATCH-UPD$b00$c20160606$lBLL01$h1634
=CAT  \\$aW1610-0368$c20161006$lBLL01$h0938
=CAT  \\$aW1606-1753$c20171028$lBLL01$h1352
=CAT  \\$aW2011-1472$b00$c20201127$lBLL01$h1833
=FIN  \\$aY$d20130610
=LAS  \\$aW2011-1472$b00$c20201127$lBLL01$h1833

