=LDR  02171 gm a2200529uu 4500
=001  016428001
=003  Uk
=005  20201127183325.0
=008  100813s2003\\\\xx\|||\|||||||||||mleng\d
=FMT  \\$a  VM
=035  \\$aASP764714/ant1
=245  00$aFrom the Inside Out
=260  \\$aWatertown, MA$bDocumentary Educational Resources (DER)$c2003
=306  \\$a27 minutes
=490  0\$aEthnographic Video Online, Volume 1
=505  00$an the Navajo language there is neither a word for religion nor art. The only word that could be used to describe both is "hozho" - beauty, balance, order and harmony. Navajo history is turbulent, and in order to survive the Navajo had to adapt. Baskets are a part of this history, changing throughout time and adapting with the people.
=546  \\$aIn English
=650  04$aNavajo
=650  \4$aArt
=650  \4$aCrafts
=650  \4$aBasket making
=650  \4$aCultural identity
=650  \4$aTribal and national groups
=700  1\$aChabries, April.$4pro
=700  1\$aChabries, April.$4aut
=700  1\$aFredley, Dan$4aut
=700  1\$aWilliams, W. Grant$4aut
=700  1\$aChabries, April.$4drt
=700  1\$aBlack, Lorraine$4oth
=700  1\$aBlack, Mary Holiday$4oth
=700  1\$aRock Black, Peggy$4oth
=700  1\$aHoliday, Elsie$4oth
=700  1\$aJim, Damian$4oth
=773  0\$dWatertown, MA : Documentary Educational Resources (DER), 2003
=856  40$uhttp://www.aspresolver.com/aspresolver.asp?ANTH;764714$yAlexander Street Press Ethnographic Video Online
=859  \\$aORR$bAlexander Street Press
=883  0\$aLanguage codes assigned by Bayesian analysis of words present in record$d20201028$qUk$c0.9010
=985  \\$aUpgraded by BSS-generated file for WR2011-1472
=CAT  \\$aWR13_071$b00$c20130610$lBLL01$h1613
=CAT  \\$aBATCH$b00$c20130610$lBLL01$h1613
=CAT  \\$aWR16_088$c20160606$lBLL01$h1632
=CAT  \\$aBATCH-UPD$b00$c20160606$lBLL01$h1634
=CAT  \\$aW1610-0368$c20161006$lBLL01$h0938
=CAT  \\$aW1606-1753$c20171028$lBLL01$h1352
=CAT  \\$aW2011-1472$b00$c20201127$lBLL01$h1833
=FIN  \\$aY$d20130610
=LAS  \\$aW2011-1472$b00$c20201127$lBLL01$h1833

