=LDR  02397 gm a2200553uu 4500
=001  016428002
=003  Uk
=005  20201127183325.0
=008  100813s2007\\\\xx\|||\|||||||||||mleng\d
=FMT  \\$a  VM
=035  \\$aASP764718/ant1
=245  00$aFrom Vérité to Virtual: Conversations on the Frontier of Film and Anthropology
=260  \\$aWatertown, MA$bDocumentary Educational Resources (DER)$c2007
=306  \\$a58 minutes
=490  0\$aEthnographic Video Online, Volume 1
=505  00$aThis documentary presents panel and roundtable conversations with leading documentary filmmakers, artists and ethnographers about the future of visual anthropology. Recorded at Temple University, the targeted conversations raise questions, among others, of collaboration, aesthetics, uses of new media, and how to build a cross-disciplinary approach that bridges methods of the social sciences, humanities and fine arts.
=546  \\$aIn English
=650  04$aEuropean
=650  04$aAmerican
=650  \4$aArt
=650  \4$aMass media
=650  \4$aEthnographic research theory
=650  \4$aAnthropology
=650  \4$aEthnographic methodology
=650  \4$aScience and Technology
=700  1\$aCoover, Roderick.$4pro
=700  1\$aCoover, Roderick.$4aut
=700  1\$aCoover, Roderick.$4drt
=700  1\$aAskew, Kelly$4oth
=700  1\$aBaron, Rebecca.$4oth
=700  1\$aBrault, Michel.$4oth
=700  1\$aCoover, Roderick.$4oth
=700  1\$aJhala, Jayasinhji.$4oth
=700  1\$aStoller, Paul.$4oth
=700  1\$aTaylor, Lucien$4oth
=773  0\$dWatertown, MA : Documentary Educational Resources (DER), 2007
=856  40$uhttp://www.aspresolver.com/aspresolver.asp?ANTH;764718$yAlexander Street Press Ethnographic Video Online
=859  \\$aORR$bAlexander Street Press
=883  0\$aLanguage codes assigned by Bayesian analysis of words present in record$d20201028$qUk$c0.9010
=985  \\$aUpgraded by BSS-generated file for WR2011-1472
=CAT  \\$aWR13_071$b00$c20130610$lBLL01$h1613
=CAT  \\$aBATCH$b00$c20130610$lBLL01$h1613
=CAT  \\$aWR16_088$c20160606$lBLL01$h1632
=CAT  \\$aBATCH-UPD$b00$c20160606$lBLL01$h1634
=CAT  \\$aW1610-0368$c20161006$lBLL01$h0938
=CAT  \\$aW1606-1753$c20171028$lBLL01$h1352
=CAT  \\$aW2011-1472$b00$c20201127$lBLL01$h1833
=FIN  \\$aY$d20130610
=LAS  \\$aW2011-1472$b00$c20201127$lBLL01$h1833

