=LDR  02324 gm a2200397uu 4500
=001  016428003
=003  Uk
=005  20201127183325.0
=008  100813s2006\\\\xx\|||\|||||||||||mleng\d
=FMT  \\$a  VM
=035  \\$aASP764368/ant1
=245  00$aA Frontier Conversation
=260  \\$aWatertown, MA$bDocumentary Educational Resources (DER)$c2006
=306  \\$a19 minutes
=490  0\$aEthnographic Video Online, Volume 1
=505  00$aA fascinating journey through the Top End of Australia to explore what history means to the traditional landowners. A Frontier Conversation documents a unique collaboration between Indigenous and white historians from Australia and North America. A Frontier Conversation documents a unique collaboration between Indigenous and white historians from Australia and North America. In September 2004, a diverse group travelled through the Top End of Australia meeting representatives of the traditional landowners, and engaging in a dialogue about Indigenous history. The themes that emerged raised more questions than answers - from cultural appropriation and copyright, to land rights, the role of language and art, and what history means to Indigenous communities in the current climate of cultural reclamation and survival.
=546  \\$aIn English
=650  04$aAustralian Aboriginal
=650  \4$aCultural change and history
=650  \4$aHistorical research and historiography
=700  1\$aHaywood, Claire.$4drt
=700  1\$aMcGrath, Ann.$4nrt
=773  0\$dWatertown, MA : Documentary Educational Resources (DER), 2006
=856  40$uhttp://www.aspresolver.com/aspresolver.asp?ANTH;764368$yAlexander Street Press Ethnographic Video Online
=859  \\$aORR$bAlexander Street Press
=883  0\$aLanguage codes assigned by Bayesian analysis of words present in record$d20201028$qUk$c0.9010
=985  \\$aUpgraded by BSS-generated file for WR2011-1472
=CAT  \\$aWR13_071$b00$c20130610$lBLL01$h1613
=CAT  \\$aBATCH$b00$c20130610$lBLL01$h1613
=CAT  \\$aWR16_088$c20160606$lBLL01$h1632
=CAT  \\$aBATCH-UPD$b00$c20160606$lBLL01$h1634
=CAT  \\$aW1610-0368$c20161006$lBLL01$h0938
=CAT  \\$aW1606-1753$c20171028$lBLL01$h1352
=CAT  \\$aW2011-1472$b00$c20201127$lBLL01$h1833
=FIN  \\$aY$d20130610
=LAS  \\$aW2011-1472$b00$c20201127$lBLL01$h1833

