=LDR  02230 gm a2200529uu 4500
=001  016428004
=003  Uk
=005  20201127183325.0
=008  100813s2002\\\\xx\|||\|||||||||||mleng\d
=FMT  \\$a  VM
=035  \\$aASP764720/ant1
=245  00$aFull Circle
=260  \\$aWatertown, MA$bDocumentary Educational Resources (DER)$c2002
=306  \\$a27 minutes
=490  0\$aEthnographic Video Online, Volume 1
=505  00$aRecorded in 2001
=520  3\$aIn the summer of 2001, under the Native American Graves Protection and Repatriation Act, a totem pole in the Peabody Museum at Harvard University was returned to its original owners' ancestors, a Tlingit community in Southeast Alaska. The journey of the pole began a hundred years ago when it was removed by the Harriman Expedition from the deserted village of Gash at Cape Fox.
=546  \\$aIn English
=650  04$aTlingit
=650  \4$aPolitics
=650  \4$aRevitalization and ethnogenesis
=650  \4$aTribal and national groups
=650  \4$aProperty rights
=650  \4$aTotem poles
=700  1\$aQin, Wen-jie.$4pro
=700  1\$aQin, Wen-jie.$4aut
=700  1\$aQin, Wen-jie.$4drt
=700  1\$aDenny, Elizabeth$4oth
=700  1\$aIsaac, Barbara.$4oth
=700  1\$aJackson, Willard, Sr.$4oth
=700  1\$aShields, Harvey$4oth
=700  1\$aVictor-Howe, Anne-Marie$4oth
=700  1\$aWatson, Rubie$4oth
=773  0\$dWatertown, MA : Documentary Educational Resources (DER), 2002
=856  40$uhttp://www.aspresolver.com/aspresolver.asp?ANTH;764720$yAlexander Street Press Ethnographic Video Online
=859  \\$aORR$bAlexander Street Press
=883  0\$aLanguage codes assigned by Bayesian analysis of words present in record$d20201028$qUk$c0.9010
=985  \\$aUpgraded by BSS-generated file for WR2011-1472
=CAT  \\$aWR13_071$b00$c20130610$lBLL01$h1613
=CAT  \\$aBATCH$b00$c20130610$lBLL01$h1613
=CAT  \\$aWR16_088$c20160606$lBLL01$h1632
=CAT  \\$aBATCH-UPD$b00$c20160606$lBLL01$h1634
=CAT  \\$aW1610-0368$c20161006$lBLL01$h0938
=CAT  \\$aW1606-1753$c20171028$lBLL01$h1352
=CAT  \\$aW2011-1472$b00$c20201127$lBLL01$h1833
=FIN  \\$aY$d20130610
=LAS  \\$aW2011-1472$b00$c20201127$lBLL01$h1833

