=LDR  02352 gm a2200457uu 4500
=001  016428006
=003  Uk
=005  20201127183325.0
=008  100813s2006\\\\xx\|||\|||||||||||mleng\d
=FMT  \\$a  VM
=035  \\$aASP1163473/ant1
=245  00$aFun@Sun: Making of a Global Workplace
=260  \\$aWatertown, MA$bDocumentary Educational Resources (DER)$c2006
=306  \\$a29 minutes
=490  0\$aEthnographic Video Online, Volume 1
=505  00$aThe Indian software outsourcing industry has emerged as a key node of the global economy. The series of ethnographic films, Coding Culture, explores the cultures of outsourced work and the moulding of a new workforce to cater to this global high-tech services industry. Each of the three films focuses on a single company, representing one of the major types of software company found in Bangalore: a medium-sized Indian-owned company software services company (Mphasis: The 'M' Way); the offshore software development centre of a U.S.-based IT company (Sun Microsystems: Fun@Sun); and a small 'cross-border' startup company that produces its own software products and markets them to global customers (July Systems: July Boys).
=546  \\$aIn English
=650  04$aIndian
=650  \4$aBusiness affairs
=650  \4$aAssociations and organizations
=650  \4$aCommunication
=650  \4$aIndustry
=650  \4$aComputers
=650  \4$aBusiness
=700  1\$aSonti, Gautam.$4aut
=700  1\$aUpodhya, Carol$4aut
=700  1\$aSonti, Gautam.$4drt
=773  0\$dWatertown, MA : Documentary Educational Resources (DER), 2006
=856  40$uhttp://www.aspresolver.com/aspresolver.asp?ANTH;1163473$yAlexander Street Press Ethnographic Video Online
=859  \\$aORR$bAlexander Street Press
=883  0\$aLanguage codes assigned by Bayesian analysis of words present in record$d20201028$qUk$c0.9010
=985  \\$aUpgraded by BSS-generated file for WR2011-1472
=CAT  \\$aWR13_071$b00$c20130610$lBLL01$h1613
=CAT  \\$aBATCH$b00$c20130610$lBLL01$h1613
=CAT  \\$aWR16_088$c20160606$lBLL01$h1632
=CAT  \\$aBATCH-UPD$b00$c20160606$lBLL01$h1634
=CAT  \\$aW1610-0368$c20161006$lBLL01$h0938
=CAT  \\$aW1606-1753$c20171028$lBLL01$h1352
=CAT  \\$aW2011-1472$b00$c20201127$lBLL01$h1833
=FIN  \\$aY$d20130610
=LAS  \\$aW2011-1472$b00$c20201127$lBLL01$h1833

