=LDR  02380 gm a2200565uu 4500
=001  016428010
=003  Uk
=005  20201127183325.0
=008  100813s9999\\\\xx\|||\|||||||||||mleng\d
=FMT  \\$a  VM
=035  \\$aASP1689479/ant1
=245  00$aGames We Play
=260  \\$aTrinidad & Tobago, The Caribbean$bBanyan
=306  \\$a26 minutes
=490  0\$aEthnographic Video Online, Volume 1
=490  0\$aCaribbean Eye
=505  00$aCaribbean children grow up playing games that shape the attitudes and expectations of their roles in later life. This video explores these games and looks at the adult games to which they lead, focusing on draughts in Barbados, dominoes in Dominica, all fours in Trinidad, warri in Antigua, and cricket on all the islands. It also questions the reasons for Caribbean women's historically low level of participation in these games.
=546  \\$aIn English
=650  04$aCaribbean
=650  \4$aCricket
=650  \4$aEntertainment and recreation
=650  \4$aCultural identity
=650  \4$aChildren's play
=650  \4$aGames
=700  1\$aHall, Tony,$d1948-
=700  1\$aLaird, Christopher.$4pro
=700  1\$aPaddington, Bruce.$4pro
=700  1\$aCorsbie, Ken.$4aut
=700  1\$aLaird, Christopher.$4aut
=700  1\$aPaddington, Bruce.$4aut
=700  1\$aLaird, Christopher.$4drt
=700  1\$aPaddington, Bruce.$4drt
=700  1\$aCorsbie, Ken.$4nrt
=773  0\$dTrinidad & Tobago, The Caribbean : Banyan
=856  40$uhttp://www.aspresolver.com/aspresolver.asp?ANTH;1689479$yAlexander Street Press Ethnographic Video Online
=859  \\$aORR$bAlexander Street Press
=883  0\$aLanguage codes assigned by Bayesian analysis of words present in record$d20201028$qUk$c0.9010
=985  \\$aUpgraded by BSS-generated file for WR2011-1472
=CAT  \\$aWR13_071$b00$c20130610$lBLL01$h1613
=CAT  \\$aBATCH$b00$c20130610$lBLL01$h1613
=CAT  \\$aWR16_088$c20160606$lBLL01$h1632
=CAT  \\$aBATCH-UPD$b00$c20160606$lBLL01$h1634
=CAT  \\$aW1610-0368$c20161006$lBLL01$h0938
=CAT  \\$aW1606-1753$c20171028$lBLL01$h1352
=CAT  \\$a8962$b40$c20181114$lBLL01$h1252
=CAT  \\$a8962$b40$c20181114$lBLL01$h1253
=CAT  \\$a8962$b40$c20181114$lBLL01$h1256
=CAT  \\$aW2011-1472$b00$c20201127$lBLL01$h1833
=FIN  \\$aY$d20130610
=LAS  \\$aW2011-1472$b00$c20201127$lBLL01$h1833

