=LDR  02253 gm a2200421uu 4500
=001  016428011
=003  Uk
=005  20201127183325.0
=008  100813s9999\\\\xx\|||\|||||||||||mleng\d
=FMT  \\$a  VM
=035  \\$aASP1879524/ant1
=245  00$aGelede: A Yoruba Masquerade
=260  \\$aLondon, UK$bRoyal Anthropological Institute
=306  \\$a22 minutes
=490  0\$aEthnographic Video Online, Volume 1
=505  00$aAmong the Yoruba of Western Nigeria and Dahomey the Gelede cult honours the earth spirits, the ancestors and especially the Great Mother. The festival filmed here emphasises the status of women and placated their potentially dangerous mystic powers. The commentary emphasises that the annual Gelede festival serves a cathartic role by paying respect to women in a patriarchal society. During the course of the festival social tensions are brought out into the open and ridiculed; antagonism between the sexes is thus controlled and given a legitimate outlet. The film shows the preparation of masks and the climax of the festival in which the Great Mask appears at midnight. On the following day the lesser masks entertain, satirising the movements of women
=546  \\$aIn English
=650  04$aYoruba
=650  \4$aCommunity events
=650  \4$aMystics
=650  \4$aReligious rites and ceremonies
=650  \4$aReligious festivals
=700  1\$aHarper, Peggy.$4drt
=700  1\$aSpeed, Frank$4drt
=773  0\$dLondon, UK : Royal Anthropological Institute
=856  40$uhttp://www.aspresolver.com/aspresolver.asp?ANTH;1879524$yAlexander Street Press Ethnographic Video Online
=859  \\$aORR$bAlexander Street Press
=883  0\$aLanguage codes assigned by Bayesian analysis of words present in record$d20201028$qUk$c0.9010
=985  \\$aUpgraded by BSS-generated file for WR2011-1472
=CAT  \\$aWR13_071$b00$c20130610$lBLL01$h1613
=CAT  \\$aBATCH$b00$c20130610$lBLL01$h1613
=CAT  \\$aWR16_088$c20160606$lBLL01$h1632
=CAT  \\$aBATCH-UPD$b00$c20160606$lBLL01$h1634
=CAT  \\$aW1610-0368$c20161006$lBLL01$h0938
=CAT  \\$aW1606-1753$c20171028$lBLL01$h1352
=CAT  \\$aW2011-1472$b00$c20201127$lBLL01$h1833
=FIN  \\$aY$d20130610
=LAS  \\$aW2011-1472$b00$c20201127$lBLL01$h1833

