=LDR  02105 gm a2200493uu 4500
=001  016428013
=003  Uk
=005  20201127183325.0
=008  100813s2000\\\\xx\|||\|||||||||||mleng\d
=FMT  \\$a  VM
=035  \\$aASP764724/ant1
=245  00$aGesture Performance: Dealing with Disability, Working With the Hearing Impaired
=260  \\$aWatertown, MA$bDocumentary Educational Resources (DER)$c2000
=306  \\$a37 minutes
=490  0\$aEthnographic Video Online, Volume 1
=505  00$aDeaf youth talk about some of the painful experiences they had as Russian children in an environment where they were ostracized and not understood. They are speaking from their current perspective as student actors and actresses in the very special Theatre School for the Deaf in Moscow.
=546  \\$aIn Russian, Subtitles in English
=650  04$aRussian
=650  \4$aTheatrical productions
=650  \4$aTheater
=650  \4$aPhysical disabilities
=650  \4$aDeafness
=700  1\$aStankevitch, Andrey$4pro
=700  1\$aDevisheva, Evelina$4aut
=700  1\$aStankevitch, Andrey$4aut
=700  1\$aDevisheva, Evelina$4drt
=700  1\$aBiriukova, Alena$4oth
=700  1\$aBondarenko, Denis$4oth
=700  1\$aGafanov, Jamil$4oth
=700  1\$aVakulenko, Svetlana$4oth
=700  1\$aVitaly, Kurzin$4oth
=773  0\$dWatertown, MA : Documentary Educational Resources (DER), 2000
=856  40$uhttp://www.aspresolver.com/aspresolver.asp?ANTH;764724$yAlexander Street Press Ethnographic Video Online
=859  \\$aORR$bAlexander Street Press
=883  0\$aLanguage codes assigned by Bayesian analysis of words present in record$d20201028$qUk$c0.9010
=985  \\$aUpgraded by BSS-generated file for WR2011-1472
=CAT  \\$aWR13_071$b00$c20130610$lBLL01$h1613
=CAT  \\$aBATCH$b00$c20130610$lBLL01$h1613
=CAT  \\$aWR16_088$c20160606$lBLL01$h1632
=CAT  \\$aW1610-0368$c20161006$lBLL01$h0938
=CAT  \\$aW1606-1753$c20171028$lBLL01$h1352
=CAT  \\$aW2011-1472$b00$c20201127$lBLL01$h1833
=FIN  \\$aY$d20130610
=LAS  \\$aW2011-1472$b00$c20201127$lBLL01$h1833

