=LDR  01693 gm a2200493uu 4500
=001  016428014
=003  Uk
=005  20201127183325.0
=008  100813s2009\\\\xx\|||\|||||||||||mleng\d
=FMT  \\$a  VM
=035  \\$aASP1779500/ant1
=245  00$aGhosts and Numbers
=260  \\$aWatertown, MA$bDocumentary Educational Resources (DER)$c2009
=306  \\$a66 minutes
=490  0\$aEthnographic Video Online, Volume 1
=505  00$aBush, George W.
=650  04$aThai
=650  \4$aFinancial investments
=650  \4$aMerchants
=650  \4$aGhosts
=650  \4$aMoney
=650  \4$aLotteries
=650  \4$aDebts
=650  \4$aEconomic depressions
=700  1\$aKlima, Alan$4aut
=700  1\$aKlima, Alan$4drt
=700  1\$aBansongkit, Kamnoi$4oth
=700  1\$aDao, Nong$4oth
=700  1\$aDuangchalerm, Napporn$4oth
=700  1\$aThongbai, Ba$4oth
=700  1\$aKatasema, Patcharee$4nrt
=773  0\$dWatertown, MA : Documentary Educational Resources (DER), 2009
=856  40$uhttp://www.aspresolver.com/aspresolver.asp?ANTH;1779500$yAlexander Street Press Ethnographic Video Online
=859  \\$aORR$bAlexander Street Press
=883  0\$aLanguage codes assigned by Bayesian analysis of words present in record$d20201028$qUk$c0.9010
=985  \\$aUpgraded by BSS-generated file for WR2011-1472
=CAT  \\$aWR13_071$b00$c20130610$lBLL01$h1613
=CAT  \\$aBATCH$b00$c20130610$lBLL01$h1613
=CAT  \\$aWR16_088$c20160606$lBLL01$h1632
=CAT  \\$aW1610-0368$c20161006$lBLL01$h0938
=CAT  \\$aW1606-1753$c20171028$lBLL01$h1352
=CAT  \\$aW2011-1472$b00$c20201127$lBLL01$h1833
=FIN  \\$aY$d20130610
=LAS  \\$aW2011-1472$b00$c20201127$lBLL01$h1833

