=LDR  02181 gm a2200493uu 4500
=001  016428015
=003  Uk
=005  20201127183325.0
=008  100813s2005\\\\xx\|||\|||||||||||mleng\d
=FMT  \\$a  VM
=035  \\$aASP764726/ant1
=245  00$aGhurbal
=260  \\$aWatertown, MA$bDocumentary Educational Resources (DER)$c2005
=306  \\$a30 minutes
=490  0\$aEthnographic Video Online, Volume 1
=505  00$aRecorded in 1987
=520  3\$aThis film examines the Egyptian rural craft of making a sieve called ghurbal (from the Arabic ghurbal meaning "to winnow" which is used to both "winnow" babies on their seventh day of life and to winnow grains for making ceremonial dishes, particularly kouskousi. Embedded in this material culture artifact are layered meanings of creative regeneration of the cosmic and human worlds.
=546  \\$aIn Arabic, Subtitles in English
=650  04$aEgyptian
=650  \4$aCrafts
=650  \4$aRural population
=650  \4$aWoodworking
=650  \4$aCultural identity
=700  1\$aEl Guindi, Fadwa.$4aut
=700  1\$aEl Guindi, Fadwa.$4drt
=700  0\$aNaima$4oth
=700  1\$aSalim, Abdul Ghani Mustafa "Hoksha"$4oth
=773  0\$dWatertown, MA : Documentary Educational Resources (DER), 2005
=856  40$uhttp://www.aspresolver.com/aspresolver.asp?ANTH;764726$yAlexander Street Press Ethnographic Video Online
=859  \\$aORR$bAlexander Street Press
=883  0\$aLanguage codes assigned by Bayesian analysis of words present in record$d20201028$qUk$c0.9010
=985  \\$aUpgraded by BSS-generated file for WR2011-1472
=CAT  \\$aWR13_071$b00$c20130610$lBLL01$h1613
=CAT  \\$aBATCH$b00$c20130610$lBLL01$h1613
=CAT  \\$aBATCH-UPD$b00$c20131109$lBLL01$h1710
=CAT  \\$aBATCH-UPD$b00$c20131123$lBLL01$h1826
=CAT  \\$a10743$b40$c20131126$lBLL01$h1553
=CAT  \\$aWR16_088$c20160606$lBLL01$h1632
=CAT  \\$aBATCH-UPD$b00$c20160606$lBLL01$h1634
=CAT  \\$aW1610-0368$c20161006$lBLL01$h0938
=CAT  \\$aW1606-1753$c20171028$lBLL01$h1352
=CAT  \\$aW2011-1472$b00$c20201127$lBLL01$h1833
=FIN  \\$aY$d20130610
=LAS  \\$aW2011-1472$b00$c20201127$lBLL01$h1833

