=LDR  01942 gm a2200493uu 4500
=001  016428016
=003  Uk
=005  20201127183325.0
=008  100813s2000\\\\xx\|||\|||||||||||mleng\d
=FMT  \\$a  VM
=035  \\$aASP765374/ant1
=245  00$aThe Girl Next Door
=260  \\$aWatertown, MA$bDocumentary Educational Resources (DER)$c2000
=306  \\$a1 minute
=490  0\$aEthnographic Video Online, Volume 1
=505  00$tTrack 1 of 1$tThe Girl Next Door
=520  3\$aAn entertaining and humanizing portrait, The Girl Next Door allows us to experience the world of pornography through the eyes of one of its hardworking employees.
=546  \\$aIn English
=600  14$aValentine, Stacy.
=650  04$aAmerican
=650  \4$aLife histories
=650  \4$aParent-child relations
=650  \4$aFilms and filmmaking careers
=650  \4$aSexuality
=700  1\$aFugate, Christine.$4pro
=700  1\$aFugate, Christine.$4aut
=700  1\$aFugate, Christine.$4drt
=700  1\$aBaker, Stacy.$4oth
=700  1\$aValentine, Stacy.$4oth
=773  0\$dWatertown, MA : Documentary Educational Resources (DER), 2000
=856  40$uhttp://www.aspresolver.com/aspresolver.asp?ANTH;765374$yAlexander Street Press Ethnographic Video Online
=859  \\$aORR$bAlexander Street Press
=883  0\$aLanguage codes assigned by Bayesian analysis of words present in record$d20201028$qUk$c0.9010
=985  \\$aUpgraded by BSS-generated file for WR2011-1472
=CAT  \\$aWR13_071$b00$c20130610$lBLL01$h1613
=CAT  \\$aBATCH$b00$c20130610$lBLL01$h1613
=CAT  \\$aBATCH-UPD$b00$c20130610$lBLL01$h1622
=CAT  \\$aWR16_088$c20160606$lBLL01$h1632
=CAT  \\$aBATCH-UPD$b00$c20160606$lBLL01$h1634
=CAT  \\$aW1610-0368$c20161006$lBLL01$h0938
=CAT  \\$aW1606-1753$c20171028$lBLL01$h1352
=CAT  \\$aW2011-1472$b00$c20201127$lBLL01$h1833
=FIN  \\$aY$d20130610
=LAS  \\$aW2011-1472$b00$c20201127$lBLL01$h1833

