=LDR  02001 gm a2200469uu 4500
=001  016428017
=003  Uk
=005  20201127183325.0
=008  100813s1987\\\\xx\|||\|||||||||||mleng\d
=FMT  \\$a  VM
=035  \\$aASP765376/ant1
=245  00$aThe Girl's Celebration
=260  \\$aWatertown, MA$bDocumentary Educational Resources (DER)$c1987
=306  \\$a18 minutes
=490  0\$aEthnographic Video Online, Volume 1
=505  00$aThe Nambiquara of Mato Grosso are trying to re-establish their traditional practices. In The Girl's Celebration a girl undergoes puberty rites after her first menstruation, entering seclusion for several months; a neighboring village is then invited to fetch her out of isolation and to take part in a feast and celebration.
=546  \\$aIn English
=650  04$aNambiquara
=650  \4$aBody piercings
=650  \4$aTribal and national groups
=650  \4$aReligious rites and ceremonies
=650  \4$aCultural identity
=650  \4$aAge identity
=650  \4$aMenstruation
=700  1\$aCarelli, Vincent.$4aut
=700  1\$aCarelli, Vincent.$4drt
=700  1\$aHoops, Frieda$4nrt
=700  1\$aKaen, Oliver$4nrt
=773  0\$dWatertown, MA : Documentary Educational Resources (DER), 1987
=856  40$uhttp://www.aspresolver.com/aspresolver.asp?ANTH;765376$yAlexander Street Press Ethnographic Video Online
=859  \\$aORR$bAlexander Street Press
=883  0\$aLanguage codes assigned by Bayesian analysis of words present in record$d20201028$qUk$c0.9010
=985  \\$aUpgraded by BSS-generated file for WR2011-1472
=CAT  \\$aWR13_071$b00$c20130610$lBLL01$h1613
=CAT  \\$aBATCH$b00$c20130610$lBLL01$h1613
=CAT  \\$aWR16_088$c20160606$lBLL01$h1632
=CAT  \\$aBATCH-UPD$b00$c20160606$lBLL01$h1634
=CAT  \\$aW1610-0368$c20161006$lBLL01$h0938
=CAT  \\$aW1606-1753$c20171028$lBLL01$h1352
=CAT  \\$aW2011-1472$b00$c20201127$lBLL01$h1833
=FIN  \\$aY$d20130610
=LAS  \\$aW2011-1472$b00$c20201127$lBLL01$h1833

