=LDR  02051 gm a2200505uu 4500
=001  016428019
=003  Uk
=005  20201127183325.0
=008  100813s2004\\\\xx\|||\|||||||||||mleng\d
=FMT  \\$a  VM
=035  \\$aASP764728/ant1
=245  00$aGoat Packing: Through The Wind River Mountains
=260  \\$aWatertown, MA$bDocumentary Educational Resources (DER)$c2004
=306  \\$a50 minutes
=490  0\$aEthnographic Video Online, Volume 1
=505  00$aMost of us think of goats as either petting zoo favorites, cartoon staples or food, but in growing numbers America's outdoor enthusiasts are discovering them as trail companions. People-friendly pack goats have been paving the way for many to enjoy an environmentally low impact experience.
=546  \\$aIn English
=650  04$aAmerican
=650  \4$aGoats
=650  \4$aSheep
=650  \4$aMountains
=650  \4$aMountain crossings
=650  \4$aGlaciers
=650  \4$aEnvironment
=700  1\$aWestphalen, Gary J.$4pro
=700  1\$aWortman, Gary$4pro
=700  1\$aWortman, Gary$4aut
=700  1\$aWestphalen, Gary J.$4drt
=700  1\$aWortman, Gary$4drt
=700  1\$aMionczynski, John$4oth
=700  1\$aWilson, Charlie.$4oth
=773  0\$dWatertown, MA : Documentary Educational Resources (DER), 2004
=856  40$uhttp://www.aspresolver.com/aspresolver.asp?ANTH;764728$yAlexander Street Press Ethnographic Video Online
=859  \\$aORR$bAlexander Street Press
=883  0\$aLanguage codes assigned by Bayesian analysis of words present in record$d20201028$qUk$c0.9010
=985  \\$aUpgraded by BSS-generated file for WR2011-1472
=CAT  \\$aWR13_071$b00$c20130610$lBLL01$h1613
=CAT  \\$aBATCH$b00$c20130610$lBLL01$h1613
=CAT  \\$aWR16_088$c20160606$lBLL01$h1632
=CAT  \\$aBATCH-UPD$b00$c20160606$lBLL01$h1634
=CAT  \\$aW1610-0368$c20161006$lBLL01$h0938
=CAT  \\$aW1606-1753$c20171028$lBLL01$h1352
=CAT  \\$aW2011-1472$b00$c20201127$lBLL01$h1833
=FIN  \\$aY$d20130610
=LAS  \\$aW2011-1472$b00$c20201127$lBLL01$h1833

