=LDR  02237 gm a2200517uu 4500
=001  016428020
=003  Uk
=005  20201127183325.0
=008  100813s1988\\\\xx\|||\|||||||||||mleng\d
=FMT  \\$a  VM
=035  \\$aASP765378/ant1
=245  00$aThe Goddess and the Computer
=260  \\$aWatertown, MA$bDocumentary Educational Resources (DER)$c1988
=306  \\$a58 minutes
=490  0\$aEthnographic Video Online, Volume 1
=505  00$aFor centuries, rice farmers on the island of Bali have taken great care not to offend Dewi Danu, the water goddess who dwells in the crater lake near the peak of Batur volcano. Toward the end of each rainy season, the farmers send representatives to Ulun Danu Batur, the temple at the top of the mountain, to offer ducks, pigs, coins and coconuts in thanks for the water that sustains their terraced fields.
=546  \\$aIn English, Subtitles in English
=650  04$aBalinese
=650  \4$aReligious rites and ceremonies
=650  \4$aComputers
=650  \4$aAgriculture
=650  \4$aWater supply
=650  \4$aFarming
=650  \4$aRice
=700  1\$aLansing, J. Stephen$4pro
=700  1\$aSinger, André.$4pro
=700  1\$aLansing, J. Stephen$4aut
=700  1\$aSinger, André.$4aut
=700  1\$aLansing, J. Stephen$4drt
=700  1\$aSinger, André.$4drt
=700  1\$aLansing, J. Stephen$4oth
=700  1\$aPagan, Wayan$4oth
=773  0\$dWatertown, MA : Documentary Educational Resources (DER), 1988
=856  40$uhttp://www.aspresolver.com/aspresolver.asp?ANTH;765378$yAlexander Street Press Ethnographic Video Online
=859  \\$aORR$bAlexander Street Press
=883  0\$aLanguage codes assigned by Bayesian analysis of words present in record$d20201028$qUk$c0.9010
=985  \\$aUpgraded by BSS-generated file for WR2011-1472
=CAT  \\$aWR13_071$b00$c20130610$lBLL01$h1613
=CAT  \\$aBATCH$b00$c20130610$lBLL01$h1613
=CAT  \\$aBATCH-UPD$b00$c20130610$lBLL01$h1622
=CAT  \\$aWR16_088$c20160606$lBLL01$h1632
=CAT  \\$aW1610-0368$c20161006$lBLL01$h0938
=CAT  \\$aW1606-1753$c20171028$lBLL01$h1352
=CAT  \\$aW2011-1472$b00$c20201127$lBLL01$h1833
=FIN  \\$aY$d20130610
=LAS  \\$aW2011-1472$b00$c20201127$lBLL01$h1833

