=LDR  02200 gm a2200541uu 4500
=001  016428021
=003  Uk
=005  20201127183325.0
=008  100813s1983\\\\xx\|||\|||||||||||mleng\d
=FMT  \\$a  VM
=035  \\$aASP764730/ant1
=245  00$aGogodala: A Cultural Revival?
=260  \\$aWatertown, MA$bDocumentary Educational Resources (DER)$c1983
=306  \\$a57 minutes
=490  0\$aEthnographic Video Online, Volume 1
=505  00$aThis film examines the implications of the Australian colonial era for the Gogodala people of the Fly River Delta, Western Papua New Guinea. Excessive missionary zeal, tolerated and encouraged by the government, contributed to the almost total destruction of Gogodala art and culture.
=546  \\$aIn English, Subtitles in English
=650  04$aGogodala
=650  \4$aCanoes and kayaks
=650  \4$aTribal and national groups
=650  \4$aChristianity
=650  \4$aRevitalization and ethnogenesis
=650  \4$aCultural change and history
=650  \4$aMissionaries
=650  \4$aColonialism
=700  1\$aOwen, Chris.$4pro
=700  1\$aOwen, Chris.$4aut
=700  1\$aOwen, Chris.$4drt
=700  1\$aCrawford, Tony.$4oth
=700  1\$aHolt, Harry.$4oth
=700  1\$aKawaiya, Saliki$4oth
=700  1\$aMarx, Murray$4oth
=700  1\$aMulake, Gainama$4oth
=700  1\$aSowasi, Babadi$4oth
=773  0\$dWatertown, MA : Documentary Educational Resources (DER), 1983
=856  40$uhttp://www.aspresolver.com/aspresolver.asp?ANTH;764730$yAlexander Street Press Ethnographic Video Online
=859  \\$aORR$bAlexander Street Press
=883  0\$aLanguage codes assigned by Bayesian analysis of words present in record$d20201028$qUk$c0.9010
=985  \\$aUpgraded by BSS-generated file for WR2011-1472
=CAT  \\$aWR13_071$b00$c20130610$lBLL01$h1613
=CAT  \\$aBATCH$b00$c20130610$lBLL01$h1613
=CAT  \\$aWR16_088$c20160606$lBLL01$h1632
=CAT  \\$aBATCH-UPD$b00$c20160606$lBLL01$h1634
=CAT  \\$aW1610-0368$c20161006$lBLL01$h0938
=CAT  \\$aW1606-1753$c20171028$lBLL01$h1352
=CAT  \\$aW2011-1472$b00$c20201127$lBLL01$h1833
=FIN  \\$aY$d20130610
=LAS  \\$aW2011-1472$b00$c20201127$lBLL01$h1833

