=LDR  02013 gm a2200505uu 4500
=001  016428022
=003  Uk
=005  20201127183325.0
=008  100813s2005\\\\xx\|||\|||||||||||mleng\d
=FMT  \\$a  VM
=035  \\$aASP764732/ant1
=245  00$aGone To Pat
=260  \\$aWatertown, MA$bDocumentary Educational Resources (DER)$c2005
=306  \\$a30 minutes
=490  0\$aEthnographic Video Online, Volume 1
=505  00$aThe Patuas, or "Chitrakers," are a nomadic people who live in the small village of Noya, Midnapore, in India. Though originally Muslim, they now consider themselves neither Muslim or Hindu. Instead, they are more clearly defined by their art.
=546  \\$aIn English, Subtitles in English
=650  04$aPatua
=650  \4$aRural population
=650  \4$aMigrant life
=650  \4$aCrafts
=650  \4$aReligion
=650  \4$aMyths and legends
=650  \4$aPainting
=650  \4$aCultural change and history
=650  \4$aCultural identity
=700  1\$aBhaumik, Mainak.$4pro
=700  1\$aBhaumik, Mainak.$4aut
=700  1\$aBhaumik, Mainak.$4drt
=700  1\$aChitrakar, Bahadur$4oth
=700  1\$aChitrakar, DukhuShyam$4oth
=773  0\$dWatertown, MA : Documentary Educational Resources (DER), 2005
=856  40$uhttp://www.aspresolver.com/aspresolver.asp?ANTH;764732$yAlexander Street Press Ethnographic Video Online
=859  \\$aORR$bAlexander Street Press
=883  0\$aLanguage codes assigned by Bayesian analysis of words present in record$d20201028$qUk$c0.9010
=985  \\$aUpgraded by BSS-generated file for WR2011-1472
=CAT  \\$aWR13_071$b00$c20130610$lBLL01$h1613
=CAT  \\$aBATCH$b00$c20130610$lBLL01$h1613
=CAT  \\$aWR16_088$c20160606$lBLL01$h1632
=CAT  \\$aBATCH-UPD$b00$c20160606$lBLL01$h1634
=CAT  \\$aW1610-0368$c20161006$lBLL01$h0938
=CAT  \\$aW1606-1753$c20171028$lBLL01$h1352
=CAT  \\$aW2011-1472$b00$c20201127$lBLL01$h1833
=FIN  \\$aY$d20130610
=LAS  \\$aW2011-1472$b00$c20201127$lBLL01$h1833

