=LDR  01945 gm a2200445uu 4500
=001  016428024
=003  Uk
=005  20201127183325.0
=008  100813s2000\\\\xx\|||\|||||||||||mleng\d
=FMT  \\$a  VM
=035  \\$aASP764734/ant1
=245  00$aGood to Pull (Bon À Tirer)
=260  \\$aWatertown, MA$bDocumentary Educational Resources (DER)$c2000
=306  \\$a10 minutes
=490  0\$aEthnographic Video Online, Volume 1
=505  00$aThis short video is about a collaboration between the artist Michael Mazur and his master printer, Robert Townsend, as they work on a suite of etchings drawn from the celebrated monotypes Mazur made for Dante's Inferno. The monotypes were published in an earlier collaboration between Mazur and Robert Pinsky, the poet and translator.
=546  \\$aIn English
=650  \4$aCrafts
=650  \4$aIllustrations
=650  \4$aArt
=700  1\$aGardner, Robert.$4pro
=700  1\$aGardner, Robert.$4aut
=700  1\$aGardner, Robert.$4drt
=700  1\$aMazur, Michael$4oth
=700  1\$aTownsend, Robert.$4oth
=773  0\$dWatertown, MA : Documentary Educational Resources (DER), 2000
=856  40$uhttp://www.aspresolver.com/aspresolver.asp?ANTH;764734$yAlexander Street Press Ethnographic Video Online
=859  \\$aORR$bAlexander Street Press
=883  0\$aLanguage codes assigned by Bayesian analysis of words present in record$d20201028$qUk$c0.9010
=985  \\$aUpgraded by BSS-generated file for WR2011-1472
=CAT  \\$aWR13_071$b00$c20130610$lBLL01$h1613
=CAT  \\$aBATCH$b00$c20130610$lBLL01$h1613
=CAT  \\$aBATCH-UPD$b00$c20141030$lBLL01$h2138
=CAT  \\$aWR16_088$c20160606$lBLL01$h1632
=CAT  \\$aBATCH-UPD$b00$c20160606$lBLL01$h1634
=CAT  \\$aW1610-0368$c20161006$lBLL01$h0938
=CAT  \\$aW1606-1753$c20171028$lBLL01$h1352
=CAT  \\$aW2011-1472$b00$c20201127$lBLL01$h1833
=FIN  \\$aY$d20130610
=LAS  \\$aW2011-1472$b00$c20201127$lBLL01$h1833

