=LDR  02085 gm a2200385uu 4500
=001  016428025
=003  Uk
=005  20201127183325.0
=008  100813s2007\\\\xx\|||\|||||||||||mleng\d
=FMT  \\$a  VM
=035  \\$aASP1871093/ant1
=245  00$aThe Great Desert Turf
=260  \\$aParis, France$bZED$c2007
=306  \\$a52 minutes
=490  0\$aEthnographic Video Online, Volume 1
=505  00$aIn Niger, in the Sahel region, dromedary races are extremely popular, and stir up waves of enthusiasm among all nomadic communities. At 35, Djouri Bigué is the village chief of the Peul Woodabe of Belil Tanfirgan. With his two dromedaries and jockeys he participates in races all year round. This year, Djouri and the villagers have decided to organize the grand yearly final at home, in Belil Tanfirgan. Every man dreams of taking part of this important event where a hundred of the best Nigerian dromedaries compete.For all participants, this race is a means of accessing better living conditions, and everyone hopes to win the 1500€ prize that will be shared among the five winners. Djouri and his people need this money to finish building the village school facilities.
=546  \\$aIn English
=650  04$aWodaabe
=650  \4$aCamels
=650  \4$aCultural life
=650  \4$aAnimal races
=700  1\$aSimonnet, Marc$4drt
=773  0\$dParis, France : ZED, 2007
=856  40$uhttp://www.aspresolver.com/aspresolver.asp?ANTH;1871093$yAlexander Street Press Ethnographic Video Online
=859  \\$aORR$bAlexander Street Press
=883  0\$aLanguage codes assigned by Bayesian analysis of words present in record$d20201028$qUk$c0.9010
=985  \\$aUpgraded by BSS-generated file for WR2011-1472
=CAT  \\$aWR13_071$b00$c20130610$lBLL01$h1613
=CAT  \\$aBATCH$b00$c20130610$lBLL01$h1613
=CAT  \\$aWR16_088$c20160606$lBLL01$h1632
=CAT  \\$aW1610-0368$c20161006$lBLL01$h0938
=CAT  \\$aW1606-1753$c20171028$lBLL01$h1352
=CAT  \\$aW2011-1472$b00$c20201127$lBLL01$h1833
=FIN  \\$aY$d20130610
=LAS  \\$aW2011-1472$b00$c20201127$lBLL01$h1833

