=LDR  01811 gm a2200433uu 4500
=001  016428026
=003  Uk
=005  20201127183325.0
=008  100813s2009\\\\xx\|||\|||||||||||mleng\d
=FMT  \\$a  VM
=035  \\$aASP908549/ant1
=245  00$aThe Great Sail
=260  \\$aWatertown, MA$bDocumentary Educational Resources (DER)$c2009
=306  \\$a10 minutes
=490  0\$aEthnographic Video Online, Volume 1
=505  00$aMaking marks, or causing them to be made as in the case of filmmakers, is what artists do. They see, imagine, hallucinate some shape, color or tone and then pick up their tools to render it in steel, light, copper or almost anything else. Here are three examples of what can happen.
=546  \\$aIn English
=650  04$aAmerican
=650  \4$aArt
=650  \4$aIllustrations
=650  \4$aSculpture
=650  \4$aVisual artists
=700  1\$aGardner, Robert.$4aut
=700  1\$aGardner, Robert.$4drt
=700  1\$aCalder, Alexander$4oth
=773  0\$dWatertown, MA : Documentary Educational Resources (DER), 2009
=856  40$uhttp://www.aspresolver.com/aspresolver.asp?ANTH;908549$yAlexander Street Press Ethnographic Video Online
=859  \\$aORR$bAlexander Street Press
=883  0\$aLanguage codes assigned by Bayesian analysis of words present in record$d20201028$qUk$c0.9010
=985  \\$aUpgraded by BSS-generated file for WR2011-1472
=CAT  \\$aWR13_071$b00$c20130610$lBLL01$h1613
=CAT  \\$aBATCH$b00$c20130610$lBLL01$h1613
=CAT  \\$aWR16_088$c20160606$lBLL01$h1632
=CAT  \\$aBATCH-UPD$b00$c20160606$lBLL01$h1634
=CAT  \\$aW1610-0368$c20161006$lBLL01$h0938
=CAT  \\$aW1606-1753$c20171028$lBLL01$h1352
=CAT  \\$aW2011-1472$b00$c20201127$lBLL01$h1833
=FIN  \\$aY$d20130610
=LAS  \\$aW2011-1472$b00$c20201127$lBLL01$h1833

