=LDR  02249 gm a2200397uu 4500
=001  016428027
=003  Uk
=005  20201127183325.0
=008  100813s9999\\\\xx\|||\|||||||||||mleng\d
=FMT  \\$a  VM
=035  \\$aASP1784562/ant1
=245  00$aA Griot's Story
=260  \\$aNew York, NY$bFilmakers Library
=306  \\$a55 minutes
=490  0\$aEthnographic Video Online, Volume 1
=520  3\$aWhat is a griot? Historically, they are wandering African musicians considered to be a repository of the oral tradition. This film focuses on a master drummer, Adame Drama of Burkina Faso, a descendant of a long line of griots. He is a contemporary griot whose mission in life is to preserve his heritage and pass it on to the next generation. Resisting the lure of monetary rewards of an artistic career in Europe, Adame has elected to remain in his country and for forty years has pursued his music there. This colorful film is filled with music and dance as we see him perform on stage with other musicians and in celebrations on the streets and in courtyards. He reveals the secrets of his instrument and of his style of playing. Above all, he is a proud African who had rejected cultural colonialism in favor of maintaining his identity and that of his art.
=546  \\$aIn English
=600  14$aDrama, Adama
=650  04$aBurkinabé
=650  \4$aCultural identity
=650  \4$aMusicians
=700  1\$aRóźański, Adam.$4drt
=773  0\$dNew York, NY : Filmakers Library
=856  40$uhttp://www.aspresolver.com/aspresolver.asp?ANTH;1784562$yAlexander Street Press Ethnographic Video Online
=859  \\$aORR$bAlexander Street Press
=883  0\$aLanguage codes assigned by Bayesian analysis of words present in record$d20201028$qUk$c0.9010
=985  \\$aUpgraded by BSS-generated file for WR2011-1472
=CAT  \\$aWR13_071$b00$c20130610$lBLL01$h1613
=CAT  \\$aBATCH$b00$c20130610$lBLL01$h1613
=CAT  \\$aBATCH-UPD$b00$c20130610$lBLL01$h1622
=CAT  \\$aWR16_088$c20160606$lBLL01$h1632
=CAT  \\$aW1610-0368$c20161006$lBLL01$h0938
=CAT  \\$aW1606-1753$c20171028$lBLL01$h1352
=CAT  \\$aW2011-1472$b00$c20201127$lBLL01$h1833
=FIN  \\$aY$d20130610
=LAS  \\$aW2011-1472$b00$c20201127$lBLL01$h1833

