=LDR  02237 gm a2200457uu 4500
=001  016428029
=003  Uk
=005  20201127183325.0
=008  100813s1967\\\\xx\|||\|||||||||||mleng\d
=FMT  \\$a  VM
=035  \\$aASP1879564/ant1
=245  00$aGroup Hunting on the Spring Ice Part 2
=260  \\$aWatertown, MA$bDocumentary Educational Resources (DER)$c1967
=306  \\$a28 minutes
=490  0\$aEthnographic Video Online, Volume 1
=505  00$aThe men are out on the sea ice and the women work at the tasks of camp. Seal skins are pegged to dry in the sun and a woman, baby on her back, picks over a pile of gulls. The birds are skinned and then go into the pot with water from a melt pond. A baby sucks on a bone. The people eat, and then the women visit an old man in his tent. Now the women are out gathering moss for the fires and we see the birds and flowers common to the area. A woman skins a seal pup while another sews skins for a tent. The children play at making camp, and some of the older girls pretend to nurse the fat pups. Then the adults join the fun, playing at juggling.
=546  \\$aIn English
=650  04$aEskimo
=650  \4$aSpring
=650  \4$aGames
=650  \4$aCrafts
=650  \4$aDaily life
=650  \4$aCultural identity
=650  \4$aGender roles
=650  \4$aInuit people
=700  1\$aBrown, Quentin.$4pro
=700  1\$aBrown, Quentin.$4drt
=773  0\$dWatertown, MA : Documentary Educational Resources (DER), 1967
=856  40$uhttp://www.aspresolver.com/aspresolver.asp?ANTH;1879564$yAlexander Street Press Ethnographic Video Online
=859  \\$aORR$bAlexander Street Press
=883  0\$aLanguage codes assigned by Bayesian analysis of words present in record$d20201028$qUk$c0.9010
=985  \\$aUpgraded by BSS-generated file for WR2011-1472
=CAT  \\$aWR13_071$b00$c20130610$lBLL01$h1613
=CAT  \\$aBATCH$b00$c20130610$lBLL01$h1613
=CAT  \\$aWR16_088$c20160606$lBLL01$h1632
=CAT  \\$aBATCH-UPD$b00$c20160606$lBLL01$h1634
=CAT  \\$aW1610-0368$c20161006$lBLL01$h0938
=CAT  \\$aW1606-1753$c20171028$lBLL01$h1352
=CAT  \\$aW2011-1472$b00$c20201127$lBLL01$h1833
=FIN  \\$aY$d20130610
=LAS  \\$aW2011-1472$b00$c20201127$lBLL01$h1833

