=LDR  02196 gm a2200433uu 4500
=001  016428030
=003  Uk
=005  20201127183325.0
=008  100813s1967\\\\xx\|||\|||||||||||mleng\d
=FMT  \\$a  VM
=035  \\$aASP1879566/ant1
=245  00$aGroup Hunting on the Spring Ice Part 3
=260  \\$aWatertown, MA$bDocumentary Educational Resources (DER)$c1967
=306  \\$a33 minutes
=490  0\$aEthnographic Video Online, Volume 1
=505  00$aThe men are moving about on the sea ice, probing for unsafe ice and watching for seals. The snow cover is nearly gone now, and the breathing holes have widened. The men sit and wait. One makes a strike with his harpoon and others come to watch. They are ready to eat and relish the good warm blood and the liver. Another hunter succeeds, and then another but this one loses his catch when his thong breaks and the seal slides back into the water. But the party has three seals in tow when they return to camp, and soon the women have the meat exposed and all eat. Then the blubber is packed into the sealskin bags and the men haul it away to the cache.
=546  \\$aIn English
=650  04$aEskimo
=650  \4$aSpring
=650  \4$aCultural identity
=650  \4$aGender roles
=650  \4$aInuit people
=650  \4$aHunting
=700  1\$aBrown, Quentin.$4pro
=700  1\$aBrown, Quentin.$4drt
=773  0\$dWatertown, MA : Documentary Educational Resources (DER), 1967
=856  40$uhttp://www.aspresolver.com/aspresolver.asp?ANTH;1879566$yAlexander Street Press Ethnographic Video Online
=859  \\$aORR$bAlexander Street Press
=883  0\$aLanguage codes assigned by Bayesian analysis of words present in record$d20201028$qUk$c0.9010
=985  \\$aUpgraded by BSS-generated file for WR2011-1472
=CAT  \\$aWR13_071$b00$c20130610$lBLL01$h1613
=CAT  \\$aBATCH$b00$c20130610$lBLL01$h1613
=CAT  \\$aWR16_088$c20160606$lBLL01$h1632
=CAT  \\$aBATCH-UPD$b00$c20160606$lBLL01$h1634
=CAT  \\$aW1610-0368$c20161006$lBLL01$h0938
=CAT  \\$aW1606-1753$c20171028$lBLL01$h1352
=CAT  \\$aW2011-1472$b00$c20201127$lBLL01$h1833
=FIN  \\$aY$d20130610
=LAS  \\$aW2011-1472$b00$c20201127$lBLL01$h1833

