=LDR  02061 gm a2200457uu 4500
=001  016428031
=003  Uk
=005  20201127183325.0
=008  100813s1961\\\\xx\|||\|||||||||||mleng\d
=FMT  \\$a  VM
=035  \\$aASP764370/ant1
=245  00$aA Group of Women
=260  \\$aNamibia, Kalahari Desert$bDocumentary Educational Resources (DER)$c1961
=306  \\$a5 minutes
=490  0\$aEthnographic Video Online, Volume 1
=505  00$aJu/'hoan women often share an intimate sociability and spend many hours together discussing their lives, enjoying each other's company and children. In this short film, Ju/'hoan women rest, talk and nurse their babies while lying in the shade of a baobab tree. This film is a good illustration of "collective mothering" in which several women support each other and share the nurturing role.
=546  \\$aIn Ju/'hoan, Subtitles in English
=650  04$aJu/'hoansi
=650  04$a!Kung
=650  \4$aKin groups
=650  \4$aCommunities
=650  \4$aMothers
=650  \4$aWomen
=700  1\$aMarshall, John,$d1932-2005$4pro
=700  1\$aMarshall, John,$d1932-2005$4aut
=700  1\$aMarshall, John,$d1932-2005$4drt
=773  0\$dNamibia, Kalahari Desert : Documentary Educational Resources (DER), 1961
=856  40$uhttp://www.aspresolver.com/aspresolver.asp?ANTH;764370$yAlexander Street Press Ethnographic Video Online
=859  \\$aORR$bAlexander Street Press
=883  0\$aLanguage codes assigned by Bayesian analysis of words present in record$d20201028$qUk$c0.9010
=985  \\$aUpgraded by BSS-generated file for WR2011-1472
=CAT  \\$aWR13_071$b00$c20130610$lBLL01$h1613
=CAT  \\$aBATCH$b00$c20130610$lBLL01$h1613
=CAT  \\$a7416$b40$c20150203$lBLL01$h1147
=CAT  \\$aBATCH-UPD$b40$c20150203$lBLL01$h1147
=CAT  \\$aWR16_088$c20160606$lBLL01$h1632
=CAT  \\$aW1610-0368$c20161006$lBLL01$h0938
=CAT  \\$aW1606-1753$c20171028$lBLL01$h1352
=CAT  \\$aW2011-1472$b00$c20201127$lBLL01$h1833
=FIN  \\$aY$d20130610
=LAS  \\$aW2011-1472$b00$c20201127$lBLL01$h1833

