=LDR  01649 gm a2200469uu 4500
=001  016428032
=003  Uk
=005  20201127183325.0
=008  100813s2005\\\\xx\|||\|||||||||||mleng\d
=FMT  \\$a  VM
=035  \\$aASP1870883/ant1
=245  00$aGuarani, the People of Selva
=260  \\$aParis, France$bZED$c2005
=306  \\$a52 minutes
=490  0\$aEthnographic Video Online, Volume 1
=505  00$aIn Guarani, English
=650  04$aGuarani
=650  \4$aPollution
=650  \4$aLife Styles
=650  \4$aSpirituality
=650  \4$aCultural identity
=650  \4$aHunting
=650  \4$aDomestic life
=650  \4$aTribal and national groups
=700  1\$aSimonnet, Marc$4drt
=700  1\$aHudson, Peter$q(Peter Reginald Fisher).
=773  0\$dParis, France : ZED, 2005
=856  40$uhttp://www.aspresolver.com/aspresolver.asp?ANTH;1870883$yAlexander Street Press Ethnographic Video Online
=859  \\$aORR$bAlexander Street Press
=883  0\$aLanguage codes assigned by Bayesian analysis of words present in record$d20201028$qUk$c0.9010
=985  \\$aUpgraded by BSS-generated file for WR2011-1472
=CAT  \\$aWR13_071$b00$c20130610$lBLL01$h1613
=CAT  \\$aBATCH$b00$c20130610$lBLL01$h1613
=CAT  \\$aBATCH-UPD$b00$c20160205$lBLL01$h2048
=CAT  \\$a8962$b40$c20160210$lBLL01$h0730
=CAT  \\$aWR16_088$c20160606$lBLL01$h1632
=CAT  \\$aW1610-0368$c20161006$lBLL01$h0938
=CAT  \\$aW1606-1753$c20171028$lBLL01$h1352
=CAT  \\$aBATCH-UPD$b00$c20171028$lBLL01$h1535
=CAT  \\$aW2011-1472$b00$c20201127$lBLL01$h1833
=FIN  \\$aY$d20130610
=LAS  \\$aW2011-1472$b00$c20201127$lBLL01$h1833

