=LDR  01988 gm a2200457uu 4500
=001  016428033
=003  Uk
=005  20201127183325.0
=008  100813s1980\\\\xx\|||\|||||||||||mleng\d
=FMT  \\$a  VM
=035  \\$aASP764742/ant1
=245  00$aGui Dao - On the Way: A Station on the Yangzi
=260  \\$aWatertown, MA$bDocumentary Educational Resources (DER)$c1980
=306  \\$a59 minutes
=490  0\$aEthnographic Video Online, Volume 1
=505  00$aA penetrating look at urban life in contemporary China, this film takes us into the rhythms of the great train station in Wuchang, a city of four million in Hubei province, 240 kilometers south of Beijing. We watch long lines of passengers guided and exhorted to be orderly by station employees, who win red flags for neat rows of travelers.
=546  \\$aIn English, Chinese, Subtitles in English
=650  04$aChinese
=650  \4$aRailroads
=650  \4$aTransportation occupations
=650  \4$aRetired from job
=650  \4$aDaily life
=650  \4$aTrain stations
=650  \4$aUrban life
=700  1\$aDufaux, Georges$4aut
=700  1\$aDufaux, Georges$4drt
=700  1\$aLing, Pinjie$4oth
=700  1\$aLowe, Elizabeth$4nrt
=773  0\$dWatertown, MA : Documentary Educational Resources (DER), 1980
=856  40$uhttp://www.aspresolver.com/aspresolver.asp?ANTH;764742$yAlexander Street Press Ethnographic Video Online
=859  \\$aORR$bAlexander Street Press
=883  0\$aLanguage codes assigned by Bayesian analysis of words present in record$d20201028$qUk$c0.9010
=985  \\$aUpgraded by BSS-generated file for WR2011-1472
=CAT  \\$aWR13_071$b00$c20130610$lBLL01$h1613
=CAT  \\$aBATCH$b00$c20130610$lBLL01$h1613
=CAT  \\$aWR16_088$c20160606$lBLL01$h1632
=CAT  \\$aW1610-0368$c20161006$lBLL01$h0938
=CAT  \\$aW1606-1753$c20171028$lBLL01$h1352
=CAT  \\$aW2011-1472$b00$c20201127$lBLL01$h1833
=FIN  \\$aY$d20130610
=LAS  \\$aW2011-1472$b00$c20201127$lBLL01$h1833

