=LDR  01659 gm a2200469uu 4500
=001  016428034
=003  Uk
=005  20201127183326.0
=008  100813s1998\\\\xx\|||\|||||||||||mleng\d
=FMT  \\$a  VM
=035  \\$aASP1647047/ant1
=245  00$aGun for Sale
=260  \\$aLondon, England$bBritish Broadcasting Corporation (BBC)$c1998
=306  \\$a50 minutes
=490  0\$aEthnographic Video Online, Volume 1
=505  00$aIn English
=650  04$aKaramojong
=650  \4$aCultural identity
=650  \4$aThefts
=650  \4$aCattle
=650  \4$aGuns
=650  \4$aTribal and national groups
=700  1\$aErrington, Sarah.$4pro
=700  1\$aAlwyn, Richard.$4aut
=700  1\$aErrington, Sarah.$4aut
=700  1\$aAlwyn, Richard.$4drt
=700  1\$aLokwarionga$4oth
=700  1\$aSachs, Andrew.$4nrt
=773  0\$dLondon, England : British Broadcasting Corporation (BBC), 1998
=856  40$uhttp://www.aspresolver.com/aspresolver.asp?ANTH;1647047$yAlexander Street Press Ethnographic Video Online
=859  \\$aORR$bAlexander Street Press
=883  0\$aLanguage codes assigned by Bayesian analysis of words present in record$d20201028$qUk$c0.9010
=985  \\$aUpgraded by BSS-generated file for WR2011-1472
=CAT  \\$aWR13_071$b00$c20130610$lBLL01$h1613
=CAT  \\$aBATCH$b00$c20130610$lBLL01$h1613
=CAT  \\$aBATCH-UPD$b00$c20160108$lBLL01$h2148
=CAT  \\$aWR16_088$c20160606$lBLL01$h1632
=CAT  \\$aW1610-0368$c20161006$lBLL01$h0938
=CAT  \\$aW1606-1753$c20171028$lBLL01$h1352
=CAT  \\$aW2011-1472$b00$c20201127$lBLL01$h1833
=FIN  \\$aY$d20130610
=LAS  \\$aW2011-1472$b00$c20201127$lBLL01$h1833

