=LDR  02427 gm a2200433uu 4500
=001  016428035
=003  Uk
=005  20201127183326.0
=008  100813s2000\\\\xx\|||\|||||||||||mleng\d
=FMT  \\$a  VM
=035  \\$aASP1784662/ant1
=245  00$aThe Gypsies Of Svinia
=260  \\$aNew York, NY$bFilmakers Library$c2000
=306  \\$a55 minutes
=490  0\$aEthnographic Video Online, Volume 1
=520  3\$aMoved by a sense of outrage, David Scheffel, a Canadian anthropologist, is determined to help the impoverished Roma (Gypsies) rebuild their community in Svinia, a village in Eastern Slovakia. So-called "white" Svinia is a picturesque, typical Slovak village with well-kept homes, gardens, a store and a school. A little past the last "white" home is "black" Svinia, where life is characterized by decay and despair. The Roma dwell in squalid tenement blocks or in one-room huts without clean water or sewage facilities and little hope of employment. "White" Svinia despises the Roma who, in desperation, regularly burglarize their homes and gardens. Some "white" praise Hitler's policy of trying to exterminate the Roma. This powerful film gives an unprecedented look at a degraded ethnic group right in the middle of Europe, and the efforts being made to improve their lot.
=546  \\$aIn English
=650  04$aSlovak
=650  04$aRomani
=650  \4$aSlovakian people
=650  \4$aEconomic conditions
=650  \4$aHousing conditions
=700  1\$aMacDonald, Joe$c(Motion picture producer and director)
=700  1\$aPaskievich, John.$4drt
=773  0\$dNew York, NY : Filmakers Library, 2000
=856  40$uhttp://www.aspresolver.com/aspresolver.asp?ANTH;1784662$yAlexander Street Press Ethnographic Video Online
=859  \\$aORR$bAlexander Street Press
=883  0\$aLanguage codes assigned by Bayesian analysis of words present in record$d20201028$qUk$c0.9010
=985  \\$aUpgraded by BSS-generated file for WR2011-1472
=CAT  \\$aWR13_071$b00$c20130610$lBLL01$h1613
=CAT  \\$aBATCH$b00$c20130610$lBLL01$h1613
=CAT  \\$aWR16_088$c20160606$lBLL01$h1632
=CAT  \\$aBATCH-UPD$b00$c20160606$lBLL01$h1634
=CAT  \\$aW1610-0368$c20161006$lBLL01$h0938
=CAT  \\$a8962$b40$c20170606$lBLL01$h1400
=CAT  \\$aW1606-1753$c20171028$lBLL01$h1352
=CAT  \\$aW2011-1472$b00$c20201127$lBLL01$h1833
=FIN  \\$aY$d20130610
=LAS  \\$aW2011-1472$b00$c20201127$lBLL01$h1833

