=LDR  02107 gm a2200445uu 4500
=001  016428036
=003  Uk
=005  20201127183326.0
=008  100813s1982\\\\xx\|||\|||||||||||mleng\d
=FMT  \\$a  VM
=035  \\$aASP1879570/ant1
=245  00$aHaitian Song
=260  \\$aWatertown, MA$bDocumentary Educational Resources (DER)$c1982
=306  \\$a50 minutes
=490  0\$aEthnographic Video Online, Volume 1
=505  00$aHaitian Song is a lyrical portrait of life in a small village in rural Haiti. The film focuses on the "rituals" which compose the texture of everyday life: getting water from the river; making rope by hand from sisal; cooking rice and beans in an outdoor kitchen; planting and harvesting.Through intimate and detailed scenes, the film follows Gustav and Zilmen, a man and a woman, through the cycle of their day and follows the larger community through the cycles of the week: the market on Tuesday; the cockfight on Saturday; the dance on Sunday.
=546  \\$aIn Créole, Subtitles in English
=650  04$aHaitian
=650  \4$aSocial dances
=650  \4$aCultural identity
=650  \4$aCooking
=650  \4$aFarming
=650  \4$aCrafts
=650  \4$aDaily life
=650  \4$aRural population
=700  1\$aKramer, Karen.$4drt
=773  0\$dWatertown, MA : Documentary Educational Resources (DER), 1982
=856  40$uhttp://www.aspresolver.com/aspresolver.asp?ANTH;1879570$yAlexander Street Press Ethnographic Video Online
=859  \\$aORR$bAlexander Street Press
=883  0\$aLanguage codes assigned by Bayesian analysis of words present in record$d20201028$qUk$c0.9010
=985  \\$aUpgraded by BSS-generated file for WR2011-1472
=CAT  \\$aWR13_071$b00$c20130610$lBLL01$h1613
=CAT  \\$aBATCH$b00$c20130610$lBLL01$h1613
=CAT  \\$aBATCH-UPD$b00$c20160302$lBLL01$h2026
=CAT  \\$aWR16_088$c20160606$lBLL01$h1632
=CAT  \\$aW1610-0368$c20161006$lBLL01$h0938
=CAT  \\$aW1606-1753$c20171028$lBLL01$h1352
=CAT  \\$aW2011-1472$b00$c20201127$lBLL01$h1833
=FIN  \\$aY$d20130610
=LAS  \\$aW2011-1472$b00$c20201127$lBLL01$h1833

