=LDR  02110 gm a2200493uu 4500
=001  016428037
=003  Uk
=005  20201127183326.0
=008  100813s1985\\\\xx\|||\|||||||||||mleng\d
=FMT  \\$a  VM
=035  \\$aASP764746/ant1
=245  00$aHajari Bhand Of Rajasthan: Jester Without Court
=260  \\$aWatertown, MA$bDocumentary Educational Resources (DER)$c1985
=306  \\$a40 minutes
=490  0\$aEthnographic Video Online, Volume 1
=505  00$aHajari Bhand of Chittorgarh, Rajasthan is renowned in the nearby courts, villages and towns of Mewar for his skill as a bahurupiya - a wandering mimic performing mostly comic routines. This videotape highlights Hajari Bhand's mastery of twenty different disguises and his performances of various routines in village settings, interspersed with interview material.
=546  \\$aIn English
=650  04$aIndian
=650  \4$aCultural change and history
=650  \4$aActors
=650  \4$aCultural identity
=650  \4$aTribal and national groups
=650  \4$aComedians
=650  \4$aPerforming life
=700  1\$aEmigh, John.$4aut
=700  1\$aEmigh, Ulrike$4aut
=700  1\$aEmigh, John.$4drt
=700  1\$aEmigh, Ulrike$4drt
=700  1\$aBhand, Hajari$4oth
=700  1\$aEmigh, John.$4nrt
=773  0\$dWatertown, MA : Documentary Educational Resources (DER), 1985
=856  40$uhttp://www.aspresolver.com/aspresolver.asp?ANTH;764746$yAlexander Street Press Ethnographic Video Online
=859  \\$aORR$bAlexander Street Press
=883  0\$aLanguage codes assigned by Bayesian analysis of words present in record$d20201028$qUk$c0.9010
=985  \\$aUpgraded by BSS-generated file for WR2011-1472
=CAT  \\$aWR13_071$b00$c20130610$lBLL01$h1613
=CAT  \\$aBATCH$b00$c20130610$lBLL01$h1613
=CAT  \\$aWR16_088$c20160606$lBLL01$h1632
=CAT  \\$aBATCH-UPD$b00$c20160606$lBLL01$h1634
=CAT  \\$aW1610-0368$c20161006$lBLL01$h0938
=CAT  \\$aW1606-1753$c20171028$lBLL01$h1352
=CAT  \\$aW2011-1472$b00$c20201127$lBLL01$h1833
=FIN  \\$aY$d20130610
=LAS  \\$aW2011-1472$b00$c20201127$lBLL01$h1833

