=LDR  01899 gm a2200445uu 4500
=001  016428038
=003  Uk
=005  20201127183326.0
=008  100813s2010\\\\xx\|||\|||||||||||mleng\d
=FMT  \\$a  VM
=035  \\$aASP1779501/ant1
=245  00$aHanoi Eclipse: The Music of Dai Lam Linh
=260  \\$aWatertown, MA$bDocumentary Educational Resources (DER)$c2010
=306  \\$a56 minutes
=490  0\$aEthnographic Video Online, Volume 1
=505  00$aA documentary of the Vietnamese band Dai Lam Linh, which has created "a unique form of popular music, which is both international in outlook and rooted in Vietnamese traditions and aesthetics." The group has faced numerous challenges owing to the disfavor of state-run organizations and Vietnamese censors to their experimental style.
=546  \\$aIn Vietnamese, Subtitles in English
=650  04$aVietnamese
=650  \4$aCultural identity
=650  \4$aWar
=650  \4$aSongs
=650  \4$aMusic
=650  \4$aMusicians
=650  \4$aSingers
=700  1\$aNorton, Barley$4pro
=700  1\$aNorton, Barley$4aut
=700  1\$aNorton, Barley$4drt
=773  0\$dWatertown, MA : Documentary Educational Resources (DER), 2010
=856  40$uhttp://www.aspresolver.com/aspresolver.asp?ANTH;1779501$yAlexander Street Press Ethnographic Video Online
=859  \\$aORR$bAlexander Street Press
=883  0\$aLanguage codes assigned by Bayesian analysis of words present in record$d20201028$qUk$c0.9010
=985  \\$aUpgraded by BSS-generated file for WR2011-1472
=CAT  \\$aWR13_071$b00$c20130610$lBLL01$h1613
=CAT  \\$aBATCH$b00$c20130610$lBLL01$h1613
=CAT  \\$aWR16_088$c20160606$lBLL01$h1632
=CAT  \\$aW1610-0368$c20161006$lBLL01$h0938
=CAT  \\$aW1606-1753$c20171028$lBLL01$h1352
=CAT  \\$aW2011-1472$b00$c20201127$lBLL01$h1833
=FIN  \\$aY$d20130610
=LAS  \\$aW2011-1472$b00$c20201127$lBLL01$h1833

