=LDR  01866 gm a2200445uu 4500
=001  016428040
=003  Uk
=005  20201127183326.0
=008  100813s1996\\\\xx\|||\|||||||||||mleng\d
=FMT  \\$a  VM
=035  \\$aASP764372/ant1
=245  00$aA Hard Life
=260  \\$aWatertown, MA$bDocumentary Educational Resources (DER)$c1996
=306  \\$a55 minutes
=490  0\$aEthnographic Video Online, Volume 1
=505  00$aKalliopi Kalogerou has spent her whole life in the Greek village of Ano Ravenia where she was born in 1900. Simple witness of the century, she lived through Turkish domination and successive occupations linked to different wars. This film is exclusively devoted to her life story.
=546  \\$aIn Greek, Subtitles in English
=650  04$aGreek
=650  \4$aRural population
=650  \4$aImmigration and emigration
=650  \4$aWar
=650  \4$aFamily
=650  \4$aStorytelling
=700  1\$aPiault, Colette.$4aut
=700  1\$aPiault, Colette.$4drt
=700  1\$aKalogerou, Kalliopi$4oth
=773  0\$dWatertown, MA : Documentary Educational Resources (DER), 1996
=856  40$uhttp://www.aspresolver.com/aspresolver.asp?ANTH;764372$yAlexander Street Press Ethnographic Video Online
=859  \\$aORR$bAlexander Street Press
=883  0\$aLanguage codes assigned by Bayesian analysis of words present in record$d20201028$qUk$c0.9010
=985  \\$aUpgraded by BSS-generated file for WR2011-1472
=CAT  \\$aWR13_071$b00$c20130610$lBLL01$h1613
=CAT  \\$aBATCH$b00$c20130610$lBLL01$h1613
=CAT  \\$aWR16_088$c20160606$lBLL01$h1632
=CAT  \\$aBATCH-UPD$b00$c20160606$lBLL01$h1634
=CAT  \\$aW1610-0368$c20161006$lBLL01$h0938
=CAT  \\$aW1606-1753$c20171028$lBLL01$h1352
=CAT  \\$aW2011-1472$b00$c20201127$lBLL01$h1833
=FIN  \\$aY$d20130610
=LAS  \\$aW2011-1472$b00$c20201127$lBLL01$h1833

