=LDR  01884 gm a2200445uu 4500
=001  016428043
=003  Uk
=005  20201127183326.0
=008  100813s2005\\\\xx\|||\|||||||||||mleng\d
=FMT  \\$a  VM
=035  \\$aASP765380/ant1
=245  00$aThe Heart's Nebula (La nébuleuse du coeur)
=260  \\$aWatertown, MA$bDocumentary Educational Resources (DER)$c2005
=306  \\$a90 minutes
=490  0\$aEthnographic Video Online, Volume 1
=505  00$aA trip through the heart. A poetic, moving, cruel, ironic, at times a cynical trip. A trip that takes us deep into the heart of the film maker, into her aches, her joys, her medical problems, among them the placing of a pacemaker.
=546  \\$aIn English, French, Subtitles in English
=650  \4$aHeart conditions
=650  \4$aPhysical illnesses
=650  \4$aReligious beliefs
=650  \4$aSurgery
=650  \4$aHuman body
=700  1\$aMagnenat, Nadejda$4aut
=700  1\$aVeuve, Jacqueline.$4aut
=700  1\$aVeuve, Jacqueline.$4drt
=700  1\$aVeuve, Jacqueline.$4oth
=773  0\$dWatertown, MA : Documentary Educational Resources (DER), 2005
=856  40$uhttp://www.aspresolver.com/aspresolver.asp?ANTH;765380$yAlexander Street Press Ethnographic Video Online
=859  \\$aORR$bAlexander Street Press
=883  0\$aLanguage codes assigned by Bayesian analysis of words present in record$d20201028$qUk$c0.9010
=985  \\$aUpgraded by BSS-generated file for WR2011-1472
=CAT  \\$aWR13_071$b00$c20130610$lBLL01$h1613
=CAT  \\$aBATCH$b00$c20130610$lBLL01$h1613
=CAT  \\$aWR16_088$c20160606$lBLL01$h1632
=CAT  \\$aBATCH-UPD$b00$c20160606$lBLL01$h1634
=CAT  \\$aW1610-0368$c20161006$lBLL01$h0938
=CAT  \\$aW1606-1753$c20171028$lBLL01$h1352
=CAT  \\$aW2011-1472$b00$c20201127$lBLL01$h1833
=FIN  \\$aY$d20130610
=LAS  \\$aW2011-1472$b00$c20201127$lBLL01$h1833

