=LDR  01873 gm a2200421uu 4500
=001  016428044
=003  Uk
=005  20201127183326.0
=008  100813s1994\\\\xx\|||\|||||||||||mleng\d
=FMT  \\$a  VM
=035  \\$aASP764750/ant1
=245  00$aHello Photo
=260  \\$aWatertown, MA$bDocumentary Educational Resources (DER)$c1994
=306  \\$a55 minutes
=490  0\$aEthnographic Video Online, Volume 1
=505  00$aIn her startling, exquisitely shot Hello Photo, documentarist Nina Davenport turns the conventions of the travelogue inside out. She takes us to India and abandons us there, leaving us to believe what we see through her eyes. Her movie replicates the experience of being a traveller and thus a voyeur, of taking in sights without necessarily understanding their meaning.
=546  \\$aIn English
=650  04$aIndian
=650  \4$aCultural identity
=650  \4$aEthnographic methodology
=650  \4$aFilms
=650  \4$aPhotography
=700  1\$aDavenport, Nina.$4aut
=700  1\$aDavenport, Nina.$4drt
=773  0\$dWatertown, MA : Documentary Educational Resources (DER), 1994
=856  40$uhttp://www.aspresolver.com/aspresolver.asp?ANTH;764750$yAlexander Street Press Ethnographic Video Online
=859  \\$aORR$bAlexander Street Press
=883  0\$aLanguage codes assigned by Bayesian analysis of words present in record$d20201028$qUk$c0.9010
=985  \\$aUpgraded by BSS-generated file for WR2011-1472
=CAT  \\$aWR13_071$b00$c20130610$lBLL01$h1613
=CAT  \\$aBATCH$b00$c20130610$lBLL01$h1613
=CAT  \\$aWR16_088$c20160606$lBLL01$h1632
=CAT  \\$aBATCH-UPD$b00$c20160606$lBLL01$h1634
=CAT  \\$aW1610-0368$c20161006$lBLL01$h0938
=CAT  \\$aW1606-1753$c20171028$lBLL01$h1352
=CAT  \\$aW2011-1472$b00$c20201127$lBLL01$h1833
=FIN  \\$aY$d20130610
=LAS  \\$aW2011-1472$b00$c20201127$lBLL01$h1833

