=LDR  01764 gm a2200409uu 4500
=001  016428045
=003  Uk
=005  20201127183326.0
=008  100813s2010\\\\xx\|||\|||||||||||mleng\d
=FMT  \\$a  VM
=035  \\$aASP1870887/ant1
=245  00$aHell's Miners of Potosi
=260  \\$aParis, France$bZED$c2010
=306  \\$a52 minutes
=490  0\$aEthnographic Video Online, Volume 1
=505  00$aAt an altitude of 4,700 meters, Bolivian miners are disappearing everyday into the depths of the Potossi mountain. Poisoned by the dust, exhausted by hypoxia, and threatened by collapsing, they tirelessly dig the rock, in a suffocating atmosphere. Eduardo, a 22 years old boy, dreams of making a fortune here, and is ready to embrace the risky lives of the Potossi miners.
=546  \\$aIn English
=650  04$aBolivian
=650  \4$aMining communities
=650  \4$aMining industry
=650  \4$aMiners
=700  1\$aQueyrat, Jean$4pro
=700  1\$aSegur, Jérôme$4pro
=700  1\$aQueyrat, Jean$4drt
=773  0\$dParis, France : ZED, 2010
=856  40$uhttp://www.aspresolver.com/aspresolver.asp?ANTH;1870887$yAlexander Street Press Ethnographic Video Online
=859  \\$aORR$bAlexander Street Press
=883  0\$aLanguage codes assigned by Bayesian analysis of words present in record$d20201028$qUk$c0.9010
=985  \\$aUpgraded by BSS-generated file for WR2011-1472
=CAT  \\$aWR13_071$b00$c20130610$lBLL01$h1613
=CAT  \\$aBATCH$b00$c20130610$lBLL01$h1613
=CAT  \\$aWR16_088$c20160606$lBLL01$h1632
=CAT  \\$aW1610-0368$c20161006$lBLL01$h0938
=CAT  \\$aW1606-1753$c20171028$lBLL01$h1352
=CAT  \\$aW2011-1472$b00$c20201127$lBLL01$h1833
=FIN  \\$aY$d20130610
=LAS  \\$aW2011-1472$b00$c20201127$lBLL01$h1833

