=LDR  02172 gm a2200517uu 4500
=001  016428048
=003  Uk
=005  20201127183326.0
=008  100813s1982\\\\xx\|||\|||||||||||mleng\d
=FMT  \\$a  VM
=035  \\$aASP764754/ant1
=245  00$aHer Name Came on Arrows: A Kinship Interview with the Baruya of New Guinea
=260  \\$aWatertown, MA$bDocumentary Educational Resources (DER)$c1982
=306  \\$a26 minutes
=490  0\$aEthnographic Video Online, Volume 1
=505  00$aIn the eastern highlands of Papua New Guinea, French anthropologist Maurice Godelier invites five of his Baruya friends and informants to his house to discuss Baruya kinship and rules of marriage. As Godelier poses questions, the kinship rules that provide the cohesive fabric of Baruya culture are brought to life.
=650  04$aBaruya
=650  \4$aCultural identity
=650  \4$aKin relationships
=650  \4$aMarriage
=650  \4$aFamily
=650  \4$aTribal and national groups
=700  1\$aJablonko, Allison$4pro
=700  1\$aJablonko, Marek$4pro
=700  1\$aOlsson, Stephen.$4pro
=700  1\$aJablonko, Allison$4aut
=700  1\$aJablonko, Marek$4aut
=700  1\$aOlsson, Stephen.$4aut
=700  1\$aDjirinac$4oth
=700  1\$aGodelier, Maurice.$4oth
=700  1\$aGwataie$4oth
=700  1\$aKandavatche$4oth
=773  0\$dWatertown, MA : Documentary Educational Resources (DER), 1982
=856  40$uhttp://www.aspresolver.com/aspresolver.asp?ANTH;764754$yAlexander Street Press Ethnographic Video Online
=859  \\$aORR$bAlexander Street Press
=883  0\$aLanguage codes assigned by Bayesian analysis of words present in record$d20201028$qUk$c0.9010
=985  \\$aUpgraded by BSS-generated file for WR2011-1472
=CAT  \\$aWR13_071$b00$c20130610$lBLL01$h1613
=CAT  \\$aBATCH$b00$c20130610$lBLL01$h1613
=CAT  \\$aWR16_088$c20160606$lBLL01$h1632
=CAT  \\$aBATCH-UPD$b00$c20160606$lBLL01$h1634
=CAT  \\$aW1610-0368$c20161006$lBLL01$h0938
=CAT  \\$aW1606-1753$c20171028$lBLL01$h1352
=CAT  \\$aW2011-1472$b00$c20201127$lBLL01$h1833
=FIN  \\$aY$d20130610
=LAS  \\$aW2011-1472$b00$c20201127$lBLL01$h1833

