=LDR  01826 gm a2200457uu 4500
=001  016428049
=003  Uk
=005  20201127183326.0
=008  100813s2001\\\\xx\|||\|||||||||||mleng\d
=FMT  \\$a  VM
=035  \\$aASP764756/ant1
=245  00$aHerdsmen
=260  \\$aWatertown, MA$bDocumentary Educational Resources (DER)$c2001
=306  \\$a88 minutes
=490  0\$aEthnographic Video Online, Volume 1
=505  00$aA small film crew tracks a Kazak family in Xinjiang, China's western-most province, from spring to winter. Unlike the people of Kazakstan, who grew into a nation of farmers and workers, the Kazaks retained their nomadic life and a close bond with nature.
=650  04$aKazakh
=650  \4$aDaily life
=650  \4$aLivestock
=650  \4$aHerders
=650  \4$aFamily
=650  \4$aTribal and national groups
=700  1\$aLuo, Ming.$4pro
=700  1\$aWei, Bin.$4pro
=700  1\$aWei, Bin.$4aut
=700  1\$aChen, Jianjun.$4drt
=700  1\$aLatay$4oth
=773  0\$dWatertown, MA : Documentary Educational Resources (DER), 2001
=856  40$uhttp://www.aspresolver.com/aspresolver.asp?ANTH;764756$yAlexander Street Press Ethnographic Video Online
=859  \\$aORR$bAlexander Street Press
=883  0\$aLanguage codes assigned by Bayesian analysis of words present in record$d20201028$qUk$c0.9010
=985  \\$aUpgraded by BSS-generated file for WR2011-1472
=CAT  \\$aWR13_071$b00$c20130610$lBLL01$h1613
=CAT  \\$aBATCH$b00$c20130610$lBLL01$h1613
=CAT  \\$aWR16_088$c20160606$lBLL01$h1632
=CAT  \\$aBATCH-UPD$b00$c20160606$lBLL01$h1634
=CAT  \\$aW1610-0368$c20161006$lBLL01$h0938
=CAT  \\$aW1606-1753$c20171028$lBLL01$h1352
=CAT  \\$aW2011-1472$b00$c20201127$lBLL01$h1833
=FIN  \\$aY$d20130610
=LAS  \\$aW2011-1472$b00$c20201127$lBLL01$h1833

