=LDR  02113 gm a2200481uu 4500
=001  016428050
=003  Uk
=005  20201127183326.0
=008  100813s9999\\\\xx\|||\|||||||||||mleng\d
=FMT  \\$a  VM
=035  \\$aASP1689342/ant1
=245  00$aHerdswoman
=260  \\$aNew York, NY$bFilmakers Library
=306  \\$a58 minutes
=490  0\$aEthnographic Video Online, Volume 1
=505  00$aThis colorful film portrays three Sami women of different generations as they follow the reindeer herds of Lapland. Their stories reflect the transition from a nomadic existence to modern life. When a court case questions their ancient rights to the reindeers' pasture, their life as reindeer keepers is at risk. The film captures the vulnerability of indigenous peoples in the modern world and the colonization process which has led to the present conflict over the right to land and water.
=546  \\$aIn Swedish, Subtitles in English
=650  04$aSaami
=650  \4$aGender roles
=650  \4$aCourt suits
=650  \4$aCaribou
=650  \4$aCultural identity
=650  \4$aReindeer
=700  1\$aHarringer, Bo.$4pro
=700  1\$aBoman, Kine.$4aut
=700  1\$aBoman, Kine.$4drt
=700  1\$aJonsson, Aina$4oth
=700  1\$aOmma, Lisa$4oth
=700  1\$aVannar, Elisabeth Nejne$4oth
=773  0\$dNew York, NY : Filmakers Library
=856  40$uhttp://www.aspresolver.com/aspresolver.asp?ANTH;1689342$yAlexander Street Press Ethnographic Video Online
=859  \\$aORR$bAlexander Street Press
=883  0\$aLanguage codes assigned by Bayesian analysis of words present in record$d20201028$qUk$c0.9010
=985  \\$aUpgraded by BSS-generated file for WR2011-1472
=CAT  \\$aWR13_071$b00$c20130610$lBLL01$h1613
=CAT  \\$aBATCH$b00$c20130610$lBLL01$h1613
=CAT  \\$aWR16_088$c20160606$lBLL01$h1632
=CAT  \\$aBATCH-UPD$b00$c20160606$lBLL01$h1634
=CAT  \\$aW1610-0368$c20161006$lBLL01$h0938
=CAT  \\$aW1606-1753$c20171028$lBLL01$h1352
=CAT  \\$aW2011-1472$b00$c20201127$lBLL01$h1833
=FIN  \\$aY$d20130610
=LAS  \\$aW2011-1472$b00$c20201127$lBLL01$h1833

