=LDR  01995 gm a2200433uu 4500
=001  016428052
=003  Uk
=005  20201127183326.0
=008  100813s2008\\\\xx\|||\|||||||||||mleng\d
=FMT  \\$a  VM
=035  \\$aASP1870889/ant1
=245  00$aHimalaya, a Path to the Sky
=260  \\$aParis, France$bZED$c2008
=306  \\$a52 minutes
=490  0\$aEthnographic Video Online, Volume 1
=505  00$aKenrap is eight years old. He is a Buddhist monk and lives in the Phukthal monastery on the peaks of the Himalayan mountains of Zanskar. Kenrap chose his life away from his family: when he was five, he remembered he was the reincarnation of a 68 year-old monk, and then decided to return to the monastery where he belonged. Filmed from the point of view of a subjective camera by a young ethnologist, Path to the Sky follows this attaching little monk with whom we share moments of intimacy, and gives us a rare glance at Buddhist monastic life.
=546  \\$aIn Tibetan, Subtitles in English
=650  04$aTibetan
=650  \4$aSpiritual guidance
=650  \4$aAfterlife
=650  \4$aYouth
=650  \4$aMonasteries
=650  \4$aMonks
=650  \4$aBuddhism
=700  1\$aCatteau, Manuel$4pro
=700  1\$aChaud, Marianne$4drt
=773  0\$dParis, France : ZED, 2008
=856  40$uhttp://www.aspresolver.com/aspresolver.asp?ANTH;1870889$yAlexander Street Press Ethnographic Video Online
=859  \\$aORR$bAlexander Street Press
=883  0\$aLanguage codes assigned by Bayesian analysis of words present in record$d20201028$qUk$c0.9010
=985  \\$aUpgraded by BSS-generated file for WR2011-1472
=CAT  \\$aWR13_071$b00$c20130610$lBLL01$h1613
=CAT  \\$aBATCH$b00$c20130610$lBLL01$h1613
=CAT  \\$aWR16_088$c20160606$lBLL01$h1632
=CAT  \\$aW1610-0368$c20161006$lBLL01$h0938
=CAT  \\$aW1606-1753$c20171028$lBLL01$h1352
=CAT  \\$aW2011-1472$b00$c20201127$lBLL01$h1833
=FIN  \\$aY$d20130610
=LAS  \\$aW2011-1472$b00$c20201127$lBLL01$h1833

