=LDR  02102 gm a2200433uu 4500
=001  016428053
=003  Uk
=005  20201127183326.0
=008  100813s2007\\\\xx\|||\|||||||||||mleng\d
=FMT  \\$a  VM
=035  \\$aASP1870893/ant1
=245  00$aHimalaya, Land of Women
=260  \\$aParis, France$bZED$c2007
=306  \\$a58 minutes
=490  0\$aEthnographic Video Online, Volume 1
=505  00$aAt an altitude of nearly 4,000 meters, Sking is one of the most isolated villages in the Himalayan region of Zanskar. In just three months, from August to October, the Zanskaris have to harvest and store all their food for the coming year. All the women-young and old alike-work nonstop, from dawn to dusk, and worry about the arrival of winter.Filmed from the point of view of a subjective camera by a young female ethnologist, Land of Women offers a sensitive and poetic immersion in the life of four generations of women during harvesting season. We share their rare intimacy and gradually grow attached to them.
=546  \\$aIn English, Zanskari, Subtitles in English
=650  04$aZanskari
=650  \4$aEthnographic research theory
=650  \4$aDomestic life
=650  \4$aFood crops
=650  \4$aHarvesting
=650  \4$aWomen
=700  1\$aCatteau, Manuel$4pro
=700  1\$aChaud, Marianne$4drt
=700  1\$aChaud, Marianne$4nrt
=773  0\$dParis, France : ZED, 2007
=856  40$uhttp://www.aspresolver.com/aspresolver.asp?ANTH;1870893$yAlexander Street Press Ethnographic Video Online
=859  \\$aORR$bAlexander Street Press
=883  0\$aLanguage codes assigned by Bayesian analysis of words present in record$d20201028$qUk$c0.9010
=985  \\$aUpgraded by BSS-generated file for WR2011-1472
=CAT  \\$aWR13_071$b00$c20130610$lBLL01$h1613
=CAT  \\$aBATCH$b00$c20130610$lBLL01$h1613
=CAT  \\$aWR16_088$c20160606$lBLL01$h1632
=CAT  \\$aW1610-0368$c20161006$lBLL01$h0938
=CAT  \\$aW1606-1753$c20171028$lBLL01$h1352
=CAT  \\$aW2011-1472$b00$c20201127$lBLL01$h1833
=FIN  \\$aY$d20130610
=LAS  \\$aW2011-1472$b00$c20201127$lBLL01$h1833

