=LDR  02436 gm a2200553uu 4500
=001  016428054
=003  Uk
=005  20201127183326.0
=008  100813s1997\\\\xx\|||\|||||||||||mleng\d
=FMT  \\$a  VM
=035  \\$aASP764758/ant1
=245  00$aHimalayan Herders
=260  \\$aWatertown, MA$bDocumentary Educational Resources (DER)$c1997
=306  \\$a76 minutes
=490  0\$aEthnographic Video Online, Volume 1
=505  00$aHimalayan Herders is an intimate portrait of a temple-village in the Yolmo valley of Central Nepal where Tibetan Buddhists consult shamans, married life begins by kidnapping the bride, and the nearest road is a two-day walk away. The community drama of marriage, death, and rituals is juxtaposed with the rich texture of daily life, both in the village and the surrounding mountains and forest where these pastoralists herd zomo, a cross between a cow and a yak, which thrives in middle altitude pastures between 8,000 and 14,000 feet.
=546  \\$aIn English, Subtitles in English
=650  04$aTibetan
=650  04$aNepalese
=650  \4$aHerders
=650  \4$aReligious festivals
=650  \4$aBuddhism
=650  \4$aImmigration and emigration
=650  \4$aGender roles
=650  \4$aCultural change and history
=650  \4$aWeddings
=650  \4$aArranged marriages
=650  \4$aRural population
=650  \4$aCattle
=700  1\$aBishop, John Melville.$4pro
=700  1\$aBishop, Naomi$4pro
=700  1\$aBishop, Naomi$4aut
=700  1\$aBishop, John Melville.$4drt
=700  1\$aBishop, Naomi$4drt
=700  1\$aBishop, Naomi$4nrt
=773  0\$dWatertown, MA : Documentary Educational Resources (DER), 1997
=856  40$uhttp://www.aspresolver.com/aspresolver.asp?ANTH;764758$yAlexander Street Press Ethnographic Video Online
=859  \\$aORR$bAlexander Street Press
=883  0\$aLanguage codes assigned by Bayesian analysis of words present in record$d20201028$qUk$c0.9010
=985  \\$aUpgraded by BSS-generated file for WR2011-1472
=CAT  \\$aWR13_071$b00$c20130610$lBLL01$h1613
=CAT  \\$aBATCH$b00$c20130610$lBLL01$h1613
=CAT  \\$aWR16_088$c20160606$lBLL01$h1632
=CAT  \\$aBATCH-UPD$b00$c20160606$lBLL01$h1634
=CAT  \\$aW1610-0368$c20161006$lBLL01$h0938
=CAT  \\$aW1606-1753$c20171028$lBLL01$h1352
=CAT  \\$aW2011-1472$b00$c20201127$lBLL01$h1833
=FIN  \\$aY$d20130610
=LAS  \\$aW2011-1472$b00$c20201127$lBLL01$h1833

