=LDR  01881 gm a2200421uu 4500
=001  016428055
=003  Uk
=005  20201127183326.0
=008  100813s2009\\\\xx\|||\|||||||||||mleng\d
=FMT  \\$a  VM
=035  \\$aASP1779527/ant1
=245  00$aHoly Hustlers
=260  \\$aManchester, England$bInternational Centre for Contemporary Cultural Research$c2009
=306  \\$a52 minutes
=490  0\$aEthnographic Video Online, Volume 1
=505  00$aCharismatic, street-wise young men, living in Botswana's capital, command the prophetic domain in Eloyi, their Apostolic faith-healing church, at a time of escalating crisis. Bitter, sinful accusations divide Eloyi's village-based archbishop and his son, the city-based bishop. The church itself, seen to be 'under destruction', splits.
=546  \\$aIn Tswana, English, Subtitles in English
=650  04$aBatswana
=650  \4$aSpiritual leaders
=650  \4$aChurches
=650  \4$aPentecostalism
=650  \4$aIn-group conflicts
=650  \4$aClergy
=650  \4$aFaith healing
=700  1\$aWerbner, Richard$4drt
=773  0\$dManchester, England : International Centre for Contemporary Cultural Research, 2009
=856  40$uhttp://www.aspresolver.com/aspresolver.asp?ANTH;1779527$yAlexander Street Press Ethnographic Video Online
=859  \\$aORR$bAlexander Street Press
=883  0\$aLanguage codes assigned by Bayesian analysis of words present in record$d20201028$qUk$c0.9010
=985  \\$aUpgraded by BSS-generated file for WR2011-1472
=CAT  \\$aWR13_071$b00$c20130610$lBLL01$h1613
=CAT  \\$aBATCH$b00$c20130610$lBLL01$h1613
=CAT  \\$aWR16_088$c20160606$lBLL01$h1632
=CAT  \\$aW1610-0368$c20161006$lBLL01$h0938
=CAT  \\$aW1606-1753$c20171028$lBLL01$h1352
=CAT  \\$aW2011-1472$b00$c20201127$lBLL01$h1833
=FIN  \\$aY$d20130610
=LAS  \\$aW2011-1472$b00$c20201127$lBLL01$h1833

