=LDR  02080 gm a2200505uu 4500
=001  016428057
=003  Uk
=005  20201127183326.0
=008  100813s1994\\\\xx\|||\|||||||||||mleng\d
=FMT  \\$a  VM
=035  \\$aASP764762/ant1
=245  00$aHome Waters
=260  \\$aWatertown, MA$bDocumentary Educational Resources (DER)$c1994
=306  \\$a55 minutes
=490  0\$aEthnographic Video Online, Volume 1
=505  00$aHome Waters documents naturalist Robert Perkins' five-week journey down the length of the Connecticut River, from the Canadian border to Long Island Sound. Full of humor, adventure and insight, the one-hour film paints a stunning portrait of New England in autumn, and captures the spirit of the river, and the people who live, work and take pleasure on it.
=546  \\$aIn English
=650  04$aBlackfoot
=650  \4$aNaturalists
=650  \4$aCultural change and history
=650  \4$aFish
=650  \4$aHunting
=650  \4$aPollution
=650  \4$aRivers
=650  \4$aRiver trips
=650  \4$aCanoes and kayaks
=700  1\$aPerkins, Robert.$4pro
=700  1\$aPerkins, Robert.$4aut
=700  1\$aPerkins, Robert.$4drt
=700  1\$aPerkins, Robert.$4oth
=700  1\$aPerkins, Robert.$4nrt
=773  0\$dWatertown, MA : Documentary Educational Resources (DER), 1994
=856  40$uhttp://www.aspresolver.com/aspresolver.asp?ANTH;764762$yAlexander Street Press Ethnographic Video Online
=859  \\$aORR$bAlexander Street Press
=883  0\$aLanguage codes assigned by Bayesian analysis of words present in record$d20201028$qUk$c0.9010
=985  \\$aUpgraded by BSS-generated file for WR2011-1472
=CAT  \\$aWR13_071$b00$c20130610$lBLL01$h1613
=CAT  \\$aBATCH$b00$c20130610$lBLL01$h1613
=CAT  \\$aWR16_088$c20160606$lBLL01$h1632
=CAT  \\$aBATCH-UPD$b00$c20160606$lBLL01$h1634
=CAT  \\$aW1610-0368$c20161006$lBLL01$h0938
=CAT  \\$aW1606-1753$c20171028$lBLL01$h1352
=CAT  \\$aW2011-1472$b00$c20201127$lBLL01$h1833
=FIN  \\$aY$d20130610
=LAS  \\$aW2011-1472$b00$c20201127$lBLL01$h1833

