=LDR  02080 gm a2200505uu 4500
=001  016428058
=003  Uk
=005  20201127183326.0
=008  100813s1990\\\\xx\|||\|||||||||||mlspa\d
=FMT  \\$a  VM
=035  \\$aASP794864/ant1
=245  00$aHomenaje a los Yaganes: Los Ultimos Indigenas de Tierra del Fuego y Cabo de Hornos
=260  \\$aWatertown, MA$bDocumentary Educational Resources (DER)$c1990
=306  \\$a40 minutes
=490  0\$aEthnographic Video Online, Volume 1
=505  00$aHomage to the Yaghans was filmed with 16mm cameras in Tierra del Fuego and the Cape Horn area (Chile and Argentina) during the summer of 1987 and the winter of 1988. It was first presented in the United States at the New York Academy of Sciences in early 1990.
=546  \\$aIn Spanish
=650  04$aYaghan
=650  \4$aKillings
=650  \4$aCustoms
=650  \4$aEpidemics
=650  \4$aColonization
=650  \4$aReligious missions
=650  \4$aMissionaries
=650  \4$aCultural change and history
=700  1\$aChapman, Ann.$4pro
=700  1\$aChapman, Ann.$4aut
=700  1\$aChapman, Ann.$4drt
=700  1\$aPiñeda, Angel.$4nrt
=700  1\$aSananes, Adriana.$4nrt
=773  0\$dWatertown, MA : Documentary Educational Resources (DER), 1990
=856  40$uhttp://www.aspresolver.com/aspresolver.asp?ANTH;794864$yAlexander Street Press Ethnographic Video Online
=859  \\$aORR$bAlexander Street Press
=883  0\$aLanguage codes assigned by Bayesian analysis of words present in record$d20201028$qUk$c0.9010
=985  \\$aUpgraded by BSS-generated file for WR2011-1472
=CAT  \\$aWR13_071$b00$c20130610$lBLL01$h1613
=CAT  \\$aBATCH$b00$c20130610$lBLL01$h1613
=CAT  \\$aBATCH-UPD$b00$c20130610$lBLL01$h1622
=CAT  \\$aWR16_088$c20160606$lBLL01$h1632
=CAT  \\$aBATCH-UPD$b00$c20160606$lBLL01$h1634
=CAT  \\$aW1610-0368$c20161006$lBLL01$h0938
=CAT  \\$aW1606-1753$c20171028$lBLL01$h1352
=CAT  \\$aW2011-1472$b00$c20201127$lBLL01$h1833
=FIN  \\$aY$d20130610
=LAS  \\$aW2011-1472$b00$c20201127$lBLL01$h1833

