=LDR  01962 gm a2200433uu 4500
=001  016428059
=003  Uk
=005  20201127183326.0
=008  100813s2001\\\\xx\|||\|||||||||||mleng\d
=FMT  \\$a  VM
=035  \\$aASP764764/ant1
=245  00$aHominid Evolution 1: The Early Stages
=260  \\$aWatertown, MA$bDocumentary Educational Resources (DER)$c2001
=306  \\$a38 minutes
=490  0\$aEthnographic Video Online, Volume 1
=505  00$aThis video begins with a survey of anatomically important concepts and landmarks in the analysis of primate skulls and teeth so that the fossils can be discussed accurately. The discussion of fossils begins with Aegyptopithecus from the Oligocene and continues through the Miocene and Pliocene using casts for a sample of the fossil forms and some slides for the newer Ardipithecus and Australopithecus anamensis.
=546  \\$aIn English
=650  \4$aAnthropology
=650  \4$aPrimates
=650  \4$aBiology
=650  \4$aEvolution
=700  1\$aZeller, Anne.$4pro
=700  1\$aZeller, Anne.$4aut
=700  1\$aZeller, Anne.$4drt
=700  1\$aZeller, Anne.$4nrt
=773  0\$dWatertown, MA : Documentary Educational Resources (DER), 2001
=856  40$uhttp://www.aspresolver.com/aspresolver.asp?ANTH;764764$yAlexander Street Press Ethnographic Video Online
=859  \\$aORR$bAlexander Street Press
=883  0\$aLanguage codes assigned by Bayesian analysis of words present in record$d20201028$qUk$c0.9010
=985  \\$aUpgraded by BSS-generated file for WR2011-1472
=CAT  \\$aWR13_071$b00$c20130610$lBLL01$h1613
=CAT  \\$aBATCH$b00$c20130610$lBLL01$h1613
=CAT  \\$aWR16_088$c20160606$lBLL01$h1632
=CAT  \\$aBATCH-UPD$b00$c20160606$lBLL01$h1634
=CAT  \\$aW1610-0368$c20161006$lBLL01$h0938
=CAT  \\$aW1606-1753$c20171028$lBLL01$h1352
=CAT  \\$aW2011-1472$b00$c20201127$lBLL01$h1833
=FIN  \\$aY$d20130610
=LAS  \\$aW2011-1472$b00$c20201127$lBLL01$h1833

