=LDR  01897 gm a2200517uu 4500
=001  016428062
=003  Uk
=005  20201127183326.0
=008  100813s1999\\\\xx\|||\|||||||||||mleng\d
=FMT  \\$a  VM
=035  \\$aASP764768/ant1
=245  00$aHosay Trinidad
=260  \\$aWatertown, MA$bDocumentary Educational Resources (DER)$c1999
=306  \\$a46 minutes
=490  0\$aEthnographic Video Online, Volume 1
=505  00$aHosay Trinidad is an ethnographic film about the observance of Shi'ite Muharram rites on the island of Trinidad.
=546  \\$aIn English
=650  04$aIranian
=650  04$aTrinidadian
=650  04$aArab
=650  \4$aCultural identity
=650  \4$aCultural adaptation
=650  \4$aReligion
=650  \4$aEthnic groups
=650  \4$aIslam
=650  \4$aReligious rites and ceremonies
=700  1\$aBishop, John Melville.$4pro
=700  1\$aKorom, Frank J.$4pro
=700  1\$aKorom, Frank J.$4aut
=700  1\$aBishop, John Melville.$4drt
=700  1\$aKorom, Frank J.$4drt
=700  1\$aNabokov, Peter.$4nrt
=773  0\$dWatertown, MA : Documentary Educational Resources (DER), 1999
=856  40$uhttp://www.aspresolver.com/aspresolver.asp?ANTH;764768$yAlexander Street Press Ethnographic Video Online
=859  \\$aORR$bAlexander Street Press
=883  0\$aLanguage codes assigned by Bayesian analysis of words present in record$d20201028$qUk$c0.9010
=985  \\$aUpgraded by BSS-generated file for WR2011-1472
=CAT  \\$aWR13_071$b00$c20130610$lBLL01$h1613
=CAT  \\$aBATCH$b00$c20130610$lBLL01$h1613
=CAT  \\$aBATCH-UPD$b00$c20150419$lBLL01$h2202
=CAT  \\$aWR16_088$c20160606$lBLL01$h1632
=CAT  \\$aW1610-0368$c20161006$lBLL01$h0938
=CAT  \\$aW1606-1753$c20171028$lBLL01$h1352
=CAT  \\$aW2011-1472$b00$c20201127$lBLL01$h1833
=FIN  \\$aY$d20130610
=LAS  \\$aW2011-1472$b00$c20201127$lBLL01$h1833

