=LDR  02498 gm a2200457uu 4500
=001  016428063
=003  Uk
=005  20201127183326.0
=008  100813s1979\\\\xx\|||\|||||||||||mleng\d
=FMT  \\$a  VM
=035  \\$aASP1779502/ant1
=245  00$aHow the Myth Was Made
=260  \\$aWatertown, MA$bDocumentary Educational Resources (DER)$c1979
=306  \\$a58 minutes
=490  0\$aEthnographic Video Online, Volume 1
=505  00$aStoney says he has dumb luck. His grandfather was the doctor on the island in Ireland where the legendary maker of documentary film, Robert Flaherty, shot his film Man of Aran. So Stoney's film, exploring the effects Flaherty's film had on the island and its people, is digging into his own roots as an individual while simultaneously studying the work of his intellectual mentor as a producer of nonfiction films.Robert Flaherty's 1934 classic Man of Aran chronicled fishermen's struggle for existence on Ireland's bleak Aran Islands. Stoney revisits the islands and interviews surviving locals about their memories of the original film - and their reactions to making this one. It includes excerpts from the original documentary.Stoney says, "How the Myth Was Made illustrates what I believe to be a common truth: the filmmaker always leaves his mark on the places and the people he films."
=546  \\$aIn English
=600  14$aFlaherty, Robert J.
=650  04$aIrish
=650  \4$aFilmmaking
=650  \4$aMyths and legends
=650  \4$aCultural identity
=650  \4$aFilms
=700  1\$aStoney, George C.$4pro
=700  1\$aStoney, George C.$4aut
=700  1\$aBrown, James B.$4drt
=700  1\$aStoney, George C.$4drt
=700  1\$aStoney, George C.$4nrt
=773  0\$dWatertown, MA : Documentary Educational Resources (DER), 1979
=856  40$uhttp://www.aspresolver.com/aspresolver.asp?ANTH;1779502$yAlexander Street Press Ethnographic Video Online
=859  \\$aORR$bAlexander Street Press
=883  0\$aLanguage codes assigned by Bayesian analysis of words present in record$d20201028$qUk$c0.9010
=985  \\$aUpgraded by BSS-generated file for WR2011-1472
=CAT  \\$aWR13_071$b00$c20130610$lBLL01$h1613
=CAT  \\$aBATCH$b00$c20130610$lBLL01$h1613
=CAT  \\$aWR16_088$c20160606$lBLL01$h1632
=CAT  \\$aW1610-0368$c20161006$lBLL01$h0938
=CAT  \\$aW1606-1753$c20171028$lBLL01$h1352
=CAT  \\$aW2011-1472$b00$c20201127$lBLL01$h1833
=FIN  \\$aY$d20130610
=LAS  \\$aW2011-1472$b00$c20201127$lBLL01$h1833

