=LDR  01868 gm a2200541uu 4500
=001  016428064
=003  Uk
=005  20201127183326.0
=008  100813s1999\\\\xx\|||\|||||||||||mleng\d
=FMT  \\$a  VM
=035  \\$aASP1647005/ant1
=245  00$aThe Hunt for the First Americans
=260  \\$aLondon, England$bBritish Broadcasting Corporation (BBC)$c1999
=306  \\$a49 minutes
=490  0\$aEthnographic Video Online, Volume 1
=505  00$aIn English
=650  04$aAustralian Aboriginal
=650  04$aMongolian
=650  04$aFuegians
=650  \4$aReligious rites and ceremonies
=650  \4$aMigration
=650  \4$aEthnic groups
=650  \4$aCaves
=650  \4$aPaintings
=650  \4$aLocal populations
=650  \4$aBrazilian people
=650  \4$aSomatology
=650  \4$aEthnographic methodology
=650  \4$aAnthropometry
=650  \4$aArchaeological sites
=650  \4$aE
=700  1\$aBragard, Jean-Claude.$4pro
=700  1\$aNeves, Walter$4aut
=700  1\$aBragard, Jean-Claude.$4drt
=773  0\$dLondon, England : British Broadcasting Corporation (BBC), 1999
=856  40$uhttp://www.aspresolver.com/aspresolver.asp?ANTH;1647005$yAlexander Street Press Ethnographic Video Online
=859  \\$aORR$bAlexander Street Press
=883  0\$aLanguage codes assigned by Bayesian analysis of words present in record$d20201028$qUk$c0.9010
=985  \\$aUpgraded by BSS-generated file for WR2011-1472
=CAT  \\$aWR13_071$b00$c20130610$lBLL01$h1613
=CAT  \\$aBATCH$b00$c20130610$lBLL01$h1613
=CAT  \\$aWR16_088$c20160606$lBLL01$h1632
=CAT  \\$aBATCH-UPD$b00$c20160606$lBLL01$h1634
=CAT  \\$aW1610-0368$c20161006$lBLL01$h0938
=CAT  \\$aW1606-1753$c20171028$lBLL01$h1352
=CAT  \\$aW2011-1472$b00$c20201127$lBLL01$h1833
=FIN  \\$aY$d20130610
=LAS  \\$aW2011-1472$b00$c20201127$lBLL01$h1833

