=LDR  02225 gm a2200529uu 4500
=001  016428065
=003  Uk
=005  20201127183326.0
=008  100813s1957\\\\xx\|||\|||||||||||mleng\d
=FMT  \\$a  VM
=035  \\$aASP765382/ant1
=245  00$aThe Hunters
=260  \\$aWatertown, MA$bDocumentary Educational Resources (DER)$c1957
=306  \\$a72 minutes
=490  0\$aEthnographic Video Online, Volume 1
=505  00$aThis re-release of an early classic in anthropological film follows the hunt of a giraffe by four men over a five-day period. The film was shot in 1952-53 on the third joint Smithsonian-Harvard Peabody sponsored Marshall family expedition to Africa to study Ju/'hoansi, one of the few surviving groups that lived by hunting - gathering.
=546  \\$aIn English
=650  04$a!Kung
=650  04$aJu/'hoansi
=650  \4$aCultural identity
=650  \4$aGender
=650  \4$aHunting
=650  \4$aRural population
=650  \4$aTribal and national groups
=700  1\$aMarshall, John,$d1932-2005$4pro
=700  1\$aMarshall, John,$d1932-2005$4aut
=700  1\$aMarshall, John,$d1932-2005$4drt
=700  1\$aDabe, G≠kao$4oth
=700  1\$aTsamkxao, ≠Oma$4oth
=700  1\$aMarshall, John,$d1932-2005$4nrt
=700  1\$aGardner, Robert.$4ctb
=773  0\$dWatertown, MA : Documentary Educational Resources (DER), 1957
=856  40$uhttp://www.aspresolver.com/aspresolver.asp?ANTH;765382$yAlexander Street Press Ethnographic Video Online
=859  \\$aORR$bAlexander Street Press
=883  0\$aLanguage codes assigned by Bayesian analysis of words present in record$d20201028$qUk$c0.9010
=985  \\$aUpgraded by BSS-generated file for WR2011-1472
=CAT  \\$aWR13_071$b00$c20130610$lBLL01$h1613
=CAT  \\$aBATCH$b00$c20130610$lBLL01$h1613
=CAT  \\$a7416$b40$c20150203$lBLL01$h1147
=CAT  \\$aBATCH-UPD$b40$c20150203$lBLL01$h1147
=CAT  \\$aWR16_088$c20160606$lBLL01$h1632
=CAT  \\$aBATCH-UPD$b00$c20160606$lBLL01$h1634
=CAT  \\$aW1610-0368$c20161006$lBLL01$h0938
=CAT  \\$aW1606-1753$c20171028$lBLL01$h1352
=CAT  \\$aW2011-1472$b00$c20201127$lBLL01$h1833
=FIN  \\$aY$d20130610
=LAS  \\$aW2011-1472$b00$c20201127$lBLL01$h1833

