=LDR  01826 gm a2200469uu 4500
=001  016428066
=003  Uk
=005  20201127183326.0
=008  100813s2002\\\\xx\|||\|||||||||||mleng\d
=FMT  \\$a  VM
=035  \\$aASP764772/ant1
=245  00$aHybrid: One Man's Passion for Corn
=260  \\$aWatertown, MA$bDocumentary Educational Resources (DER)$c2002
=306  \\$a92 minutes
=490  0\$aEthnographic Video Online, Volume 1
=505  00$aIn a rather unusual form, where animations of crawling and mating corncobs alternate with meditative nature scenes, Hybrid tells the story of one mans obsession for hybrid corn.
=546  \\$aIn English
=650  04$aAmerican
=650  \4$aFamily
=650  \4$aAgriculture
=650  \4$aFarm life
=650  \4$aCorn
=650  \4$aFarming
=700  1\$aGerstein, Ariana.$4pro
=700  1\$aMcCollum, Monteith.$4pro
=700  1\$aMcCollum, Monteith.$4aut
=700  1\$aMcCollum, Monteith.$4drt
=700  1\$aBeeghly, Milford$4oth
=773  0\$dWatertown, MA : Documentary Educational Resources (DER), 2002
=856  40$uhttp://www.aspresolver.com/aspresolver.asp?ANTH;764772$yAlexander Street Press Ethnographic Video Online
=859  \\$aORR$bAlexander Street Press
=883  0\$aLanguage codes assigned by Bayesian analysis of words present in record$d20201028$qUk$c0.9010
=985  \\$aUpgraded by BSS-generated file for WR2011-1472
=CAT  \\$aWR13_071$b00$c20130610$lBLL01$h1613
=CAT  \\$aBATCH$b00$c20130610$lBLL01$h1613
=CAT  \\$aWR16_088$c20160606$lBLL01$h1632
=CAT  \\$aBATCH-UPD$b00$c20160606$lBLL01$h1634
=CAT  \\$aW1610-0368$c20161006$lBLL01$h0938
=CAT  \\$aW1606-1753$c20171028$lBLL01$h1352
=CAT  \\$aW2011-1472$b00$c20201127$lBLL01$h1833
=FIN  \\$aY$d20130610
=LAS  \\$aW2011-1472$b00$c20201127$lBLL01$h1833

