=LDR  01845 gm a2200445uu 4500
=001  016428068
=003  Uk
=005  20201127183326.0
=008  100813s2001\\\\xx\|||\|||||||||||mleng\d
=FMT  \\$a  VM
=035  \\$aASP764774/ant1
=245  00$aI Like Hearts Like Mine: Markos Vamvakaris
=260  \\$aWatertown, MA$bDocumentary Educational Resources (DER)$c2001
=306  \\$a65 minutes
=490  0\$aEthnographic Video Online, Volume 1
=505  00$aThis film will help to introduce rebetiko, a relatively unknown musical form outside of Greece, to an international audience and also presents us with a social and historical framework of Greece during the first 70 years of the 20th century.
=546  \\$aIn Greek, English, Subtitles in English
=650  04$aGreek
=650  \4$aWorking-class
=650  \4$aSongs
=650  \4$aComposers
=650  \4$aFolk music
=650  \4$aCultural identity
=700  1\$aZervas, George C.$4pro
=700  1\$aZervas, George C.$4aut
=700  1\$aZervas, George C.$4drt
=700  1\$aVamvakaris, Markos$4oth
=773  0\$dWatertown, MA : Documentary Educational Resources (DER), 2001
=856  40$uhttp://www.aspresolver.com/aspresolver.asp?ANTH;764774$yAlexander Street Press Ethnographic Video Online
=859  \\$aORR$bAlexander Street Press
=883  0\$aLanguage codes assigned by Bayesian analysis of words present in record$d20201028$qUk$c0.9010
=985  \\$aUpgraded by BSS-generated file for WR2011-1472
=CAT  \\$aWR13_071$b00$c20130610$lBLL01$h1613
=CAT  \\$aBATCH$b00$c20130610$lBLL01$h1613
=CAT  \\$aWR16_088$c20160606$lBLL01$h1632
=CAT  \\$aW1610-0368$c20161006$lBLL01$h0938
=CAT  \\$aW1606-1753$c20171028$lBLL01$h1352
=CAT  \\$aW2011-1472$b00$c20201127$lBLL01$h1833
=FIN  \\$aY$d20130610
=LAS  \\$aW2011-1472$b00$c20201127$lBLL01$h1833

