=LDR  01918 gm a2200433uu 4500
=001  016428069
=003  Uk
=005  20201127183326.0
=008  100813s1992\\\\xx\|||\|||||||||||mleng\d
=FMT  \\$a  VM
=035  \\$aASP1779532/ant1
=245  00$aIceman
=260  \\$aLondon, England$bBritish Broadcasting Corporation (BBC)$c1992
=306  \\$a49 minutes
=490  0\$aEthnographic Video Online, Volume 1
=505  00$aOn September 19, 1991 two German tourists made an archaeological find: the body of a man that had been frozen for over 4,000 years. Scientists worldwide immediately offered their expertise to those responsible for researching and conserving the body and the wealth of artifacts found with it. This program follows their attempts to unlock the secrets of prehistoric Alpine life.
=546  \\$aIn English
=650  \4$aGlaciers
=650  \4$aHuman body
=650  \4$aPrehistory
=650  \4$aArchaeological artifacts
=650  \4$aArchaeology
=700  1\$aEverett, Katharine.$4pro
=700  1\$aEverett, Katharine.$4aut
=700  1\$aPeck, Bob.$4nrt
=773  0\$dLondon, England : British Broadcasting Corporation (BBC), 1992
=856  40$uhttp://www.aspresolver.com/aspresolver.asp?ANTH;1779532$yAlexander Street Press Ethnographic Video Online
=859  \\$aORR$bAlexander Street Press
=883  0\$aLanguage codes assigned by Bayesian analysis of words present in record$d20201028$qUk$c0.9010
=985  \\$aUpgraded by BSS-generated file for WR2011-1472
=CAT  \\$aWR13_071$b00$c20130610$lBLL01$h1613
=CAT  \\$aBATCH$b00$c20130610$lBLL01$h1613
=CAT  \\$aWR16_088$c20160606$lBLL01$h1632
=CAT  \\$aBATCH-UPD$b00$c20160606$lBLL01$h1634
=CAT  \\$aW1610-0368$c20161006$lBLL01$h0938
=CAT  \\$aW1606-1753$c20171028$lBLL01$h1352
=CAT  \\$aW2011-1472$b00$c20201127$lBLL01$h1833
=FIN  \\$aY$d20130610
=LAS  \\$aW2011-1472$b00$c20201127$lBLL01$h1833

