=LDR  02064 gm a2200457uu 4500
=001  016428070
=003  Uk
=005  20201127183326.0
=008  100813s1978\\\\xx\|||\|||||||||||mleng\d
=FMT  \\$a  VM
=035  \\$aASP764778/ant1
=245  00$aIf It Fits
=260  \\$aWatertown, MA$bDocumentary Educational Resources (DER)$c1978
=306  \\$a57 minutes
=490  0\$aEthnographic Video Online, Volume 1
=505  00$aThe once thriving industrial town of Haverhill, Massachusetts on the Merrimack River now resembles, in the words of one of the film's subjects, "a ghost town where you expect to see tumbleweeds come rolling down Main Street." This film examines a dying industrial town and its politicians' search for votes over such issues as municipal spending, rising taxes, the revitalization of depressed areas, and attracting new industry.
=546  \\$aIn English
=650  04$aAmerican
=650  \4$aIndustry
=650  \4$aPolitics
=650  \4$aCultural change and history
=650  \4$aUrban life
=700  1\$aDonahue, Hugh$4pro
=700  1\$aMarshall, John,$d1932-2005$4aut
=700  1\$aErder, Mark$4drt
=700  1\$aMarshall, John,$d1932-2005$4drt
=773  0\$dWatertown, MA : Documentary Educational Resources (DER), 1978
=856  40$uhttp://www.aspresolver.com/aspresolver.asp?ANTH;764778$yAlexander Street Press Ethnographic Video Online
=859  \\$aORR$bAlexander Street Press
=883  0\$aLanguage codes assigned by Bayesian analysis of words present in record$d20201028$qUk$c0.9010
=985  \\$aUpgraded by BSS-generated file for WR2011-1472
=CAT  \\$aWR13_071$b00$c20130610$lBLL01$h1613
=CAT  \\$aBATCH$b00$c20130610$lBLL01$h1613
=CAT  \\$a7416$b40$c20150203$lBLL01$h1147
=CAT  \\$aBATCH-UPD$b40$c20150203$lBLL01$h1147
=CAT  \\$aWR16_088$c20160606$lBLL01$h1632
=CAT  \\$aW1610-0368$c20161006$lBLL01$h0938
=CAT  \\$aW1606-1753$c20171028$lBLL01$h1352
=CAT  \\$aW2011-1472$b00$c20201127$lBLL01$h1833
=FIN  \\$aY$d20130610
=LAS  \\$aW2011-1472$b00$c20201127$lBLL01$h1833

