=LDR  02055 gm a2200517uu 4500
=001  016428071
=003  Uk
=005  20201127183326.0
=008  100813s1997\\\\xx\|||\|||||||||||mleng\d
=FMT  \\$a  VM
=035  \\$aASP764780/ant1
=245  00$aIindawo Zikathixo (In God's Places)
=260  \\$aWatertown, MA$bDocumentary Educational Resources (DER)$c1997
=306  \\$a52 minutes
=490  0\$aEthnographic Video Online, Volume 1
=505  00$aIindawo Zikathixo traces the Khoisan (Bushman) cultural legacy in south-eastern Africa. The film features the sublime Bushman rock art as a background against which the story of the Bushmen unfolds.
=546  \\$aIn English, Subtitles in English
=650  04$a!Kung
=650  04$aKhoisan
=650  \4$aSpirituality
=650  \4$aArchaeological artifacts
=650  \4$aCultural change and history
=650  \4$aTribal and national groups
=650  \4$aCultural identity
=650  \4$aRural population
=650  \4$aMigrant life
=700  1\$aStaehelin, Irene$4pro
=700  1\$aWicksteed, Richard.$4pro
=700  1\$aWicksteed, Richard.$4aut
=700  1\$aWicksteed, Richard.$4drt
=700  1\$aCopley, Michael.$4nrt
=700  1\$aPrins, Frans$4ctb
=773  0\$dWatertown, MA : Documentary Educational Resources (DER), 1997
=856  40$uhttp://www.aspresolver.com/aspresolver.asp?ANTH;764780$yAlexander Street Press Ethnographic Video Online
=859  \\$aORR$bAlexander Street Press
=883  0\$aLanguage codes assigned by Bayesian analysis of words present in record$d20201028$qUk$c0.9010
=985  \\$aUpgraded by BSS-generated file for WR2011-1472
=CAT  \\$aWR13_071$b00$c20130610$lBLL01$h1613
=CAT  \\$aBATCH$b00$c20130610$lBLL01$h1613
=CAT  \\$aWR16_088$c20160606$lBLL01$h1632
=CAT  \\$aBATCH-UPD$b00$c20160606$lBLL01$h1634
=CAT  \\$aW1610-0368$c20161006$lBLL01$h0938
=CAT  \\$aW1606-1753$c20171028$lBLL01$h1352
=CAT  \\$aW2011-1472$b00$c20201127$lBLL01$h1833
=FIN  \\$aY$d20130610
=LAS  \\$aW2011-1472$b00$c20201127$lBLL01$h1833

