=LDR  02147 gm a2200493uu 4500
=001  016428073
=003  Uk
=005  20201127183326.0
=008  100813s1988\\\\xx\|||\|||||||||||mleng\d
=FMT  \\$a  VM
=035  \\$aASP784142/ant1
=245  00$aIka Hands: A Conversation with Octavio Paz
=260  \\$aWatertown, MA$bDocumentary Educational Resources (DER)$c1988
=306  \\$a26 minutes
=490  0\$aEthnographic Video Online, Volume 1
=505  00$aRecorded in 1981
=520  3\$aIn the highlands of Northern Columbia the Ika live a strenuous and isolated life, economically dependent on small gardens and a handful of domestic animals. They are thought to be descendants of the Maya who fled from the turmoil of Central American High Civilization's warring states to the remote valleys of Colombia's Sierra Nevadas.
=546  \\$aIn English
=650  04$aArhuacos (Ica, Ika, Bintuk)
=650  \4$aReligious rites and ceremonies
=650  \4$aShamanism
=650  \4$aRural population
=650  \4$aTribal and national groups
=650  \4$aField work for anthropology
=650  \4$aEthnographic methodology
=700  1\$aGardner, Robert.$4pro
=700  1\$aGardner, Robert.$4aut
=700  1\$aGardner, Robert.$4drt
=700  1\$aGardner, Robert.$4oth
=700  1\$aPaz, Octavio$4oth
=773  0\$dWatertown, MA : Documentary Educational Resources (DER), 1988
=856  40$uhttp://www.aspresolver.com/aspresolver.asp?ANTH;784142$yAlexander Street Press Ethnographic Video Online
=859  \\$aORR$bAlexander Street Press
=883  0\$aLanguage codes assigned by Bayesian analysis of words present in record$d20201028$qUk$c0.9010
=985  \\$aUpgraded by BSS-generated file for WR2011-1472
=CAT  \\$aWR13_071$b00$c20130610$lBLL01$h1613
=CAT  \\$aBATCH$b00$c20130610$lBLL01$h1613
=CAT  \\$aWR16_088$c20160606$lBLL01$h1632
=CAT  \\$aBATCH-UPD$b00$c20160606$lBLL01$h1634
=CAT  \\$aW1610-0368$c20161006$lBLL01$h0938
=CAT  \\$aW1606-1753$c20171028$lBLL01$h1352
=CAT  \\$aW2011-1472$b00$c20201127$lBLL01$h1833
=FIN  \\$aY$d20130610
=LAS  \\$aW2011-1472$b00$c20201127$lBLL01$h1833

