=LDR  01873 gm a2200433uu 4500
=001  016428075
=003  Uk
=005  20201127183326.0
=008  100813s1997\\\\xx\|||\|||||||||||mleng\d
=FMT  \\$a  VM
=035  \\$aASP764784/ant1
=245  00$aImages From the Field: Baboons
=260  \\$aWatertown, MA$bDocumentary Educational Resources (DER)$c1997
=306  \\$a24 minutes
=490  0\$aEthnographic Video Online, Volume 1
=505  00$aIn this video we see the savanna baboons of Africa in various regions of their natural habitat, but with an emphasis on woodlands and forested regions since most other baboon films focus on the open savanna. The video emphasizes various roles filled by animals in a troop with particular attention paid to the range of behaviors seen in males.
=546  \\$aIn English
=650  \4$aPrimates
=650  \4$aEthnozoology
=650  \4$aBehavior
=650  \4$aForests
=650  \4$aMonkeys
=700  1\$aZeller, Anne.$4aut
=700  1\$aZeller, Anne.$4drt
=700  1\$aZeller, Anne.$4nrt
=773  0\$dWatertown, MA : Documentary Educational Resources (DER), 1997
=856  40$uhttp://www.aspresolver.com/aspresolver.asp?ANTH;764784$yAlexander Street Press Ethnographic Video Online
=859  \\$aORR$bAlexander Street Press
=883  0\$aLanguage codes assigned by Bayesian analysis of words present in record$d20201028$qUk$c0.9010
=985  \\$aUpgraded by BSS-generated file for WR2011-1472
=CAT  \\$aWR13_071$b00$c20130610$lBLL01$h1613
=CAT  \\$aBATCH$b00$c20130610$lBLL01$h1613
=CAT  \\$aWR16_088$c20160606$lBLL01$h1632
=CAT  \\$aBATCH-UPD$b00$c20160606$lBLL01$h1634
=CAT  \\$aW1610-0368$c20161006$lBLL01$h0938
=CAT  \\$aW1606-1753$c20171028$lBLL01$h1352
=CAT  \\$aW2011-1472$b00$c20201127$lBLL01$h1833
=FIN  \\$aY$d20130610
=LAS  \\$aW2011-1472$b00$c20201127$lBLL01$h1833

