=LDR  01989 gm a2200445uu 4500
=001  016428076
=003  Uk
=005  20201127183326.0
=008  100813s1992\\\\xx\|||\|||||||||||mleng\d
=FMT  \\$a  VM
=035  \\$aASP764786/ant1
=245  00$aImagining Indians
=260  \\$aWatertown, MA$bDocumentary Educational Resources (DER)$c1992
=306  \\$a60 minutes
=490  0\$aEthnographic Video Online, Volume 1
=505  00$aWith an all Indian crew, Victor Masayesva visited tribal communities in Arizona, Montana, New Mexico, South Dakota, Washington and the Amazon to produce this film. Masayesva says, "Coming from a village which became embroiled in the filming of Darkwind, a Hollywood production on the Hopi Reservation, I felt a keen responsibility as a community member, not an individual, to address these impositions on our tribal lives.
=546  \\$aIn English
=650  04$aLakota
=650  04$aHopi
=650  04$aAmerican Indian
=650  \4$aTribal and national groups
=650  \4$aCultural identity
=650  \4$aFilms
=650  \4$aStereotypes
=700  1\$aMasayesva, Victor, Jr.$4pro
=700  1\$aMasayesva, Victor, Jr.$4aut
=700  1\$aMasayesva, Victor, Jr.$4drt
=773  0\$dWatertown, MA : Documentary Educational Resources (DER), 1992
=856  40$uhttp://www.aspresolver.com/aspresolver.asp?ANTH;764786$yAlexander Street Press Ethnographic Video Online
=859  \\$aORR$bAlexander Street Press
=883  0\$aLanguage codes assigned by Bayesian analysis of words present in record$d20201028$qUk$c0.9010
=985  \\$aUpgraded by BSS-generated file for WR2011-1472
=CAT  \\$aWR13_071$b00$c20130610$lBLL01$h1613
=CAT  \\$aBATCH$b00$c20130610$lBLL01$h1613
=CAT  \\$aWR16_088$c20160606$lBLL01$h1632
=CAT  \\$aW1610-0368$c20161006$lBLL01$h0938
=CAT  \\$aW1606-1753$c20171028$lBLL01$h1352
=CAT  \\$aW2011-1472$b00$c20201127$lBLL01$h1833
=FIN  \\$aY$d20130610
=LAS  \\$aW2011-1472$b00$c20201127$lBLL01$h1833

