=LDR  01904 gm a2200433uu 4500
=001  016428077
=003  Uk
=005  20201127183326.0
=008  100813s1988\\\\xx\|||\|||||||||||mleng\d
=FMT  \\$a  VM
=035  \\$aASP1879620/ant1
=245  00$aImbalu: Ritual of Manhood of the Gisu of Uganda
=260  \\$aLondon, UK$bRoyal Anthropological Institute$c1988
=306  \\$a70 minutes
=490  0\$aEthnographic Video Online, Volume 1
=505  00$aAn insightful documentary, constructed with visual restraint, about the male circumcision ritual among the Gisu of Uganda. The narrative follows one male participant through the ritual and contrasts his hopes and anxieties on this important day of his life with the expectations of the rest of the village and some rude remarks of his circumcisers.
=546  \\$aIn English
=650  04$aGisu
=650  \4$aCustoms
=650  \4$aReligious rites and ceremonies
=650  \4$aMen
=650  \4$aTribal and national groups
=650  \4$aCircumcisions
=700  1\$aHawkins, Richard.$4drt
=700  1\$aHeald, Suzette.$4drt
=773  0\$dLondon, UK : Royal Anthropological Institute, 1988
=856  40$uhttp://www.aspresolver.com/aspresolver.asp?ANTH;1879620$yAlexander Street Press Ethnographic Video Online
=859  \\$aORR$bAlexander Street Press
=883  0\$aLanguage codes assigned by Bayesian analysis of words present in record$d20201028$qUk$c0.9010
=985  \\$aUpgraded by BSS-generated file for WR2011-1472
=CAT  \\$aWR13_071$b00$c20130610$lBLL01$h1613
=CAT  \\$aBATCH$b00$c20130610$lBLL01$h1613
=CAT  \\$aWR16_088$c20160606$lBLL01$h1632
=CAT  \\$aBATCH-UPD$b00$c20160606$lBLL01$h1634
=CAT  \\$aW1610-0368$c20161006$lBLL01$h0938
=CAT  \\$aW1606-1753$c20171028$lBLL01$h1352
=CAT  \\$aW2011-1472$b00$c20201127$lBLL01$h1833
=FIN  \\$aY$d20130610
=LAS  \\$aW2011-1472$b00$c20201127$lBLL01$h1833

