=LDR  01989 gm a2200505uu 4500
=001  016428078
=003  Uk
=005  20201127183326.0
=008  100813s1999\\\\xx\|||\|||||||||||mleng\d
=FMT  \\$a  VM
=035  \\$aASP764792/ant1
=245  00$aIn Pursuit of Lost Time
=260  \\$aWatertown, MA$bDocumentary Educational Resources (DER)$c1999
=306  \\$a50 minutes
=490  0\$aEthnographic Video Online, Volume 1
=505  00$aThis is a documentary about the shipwreck excavations along the Agean-Mediterranean coasts and the foundation of Nautical Archaeology in Turkey, after the initial discovery of the shipwrecks by the sponge divers of Bodrum.
=546  \\$aIn Turkish, English, Subtitles in English
=650  04$aTurk
=650  04$aAmerican
=650  04$aByzantine
=650  \4$aBoats and ships
=650  \4$aArchaeological excavation methods
=650  \4$aOceans
=650  \4$aShipwrecks
=650  \4$aArchaeology
=700  1\$aOrca, Nurdan$4pro
=700  1\$aOral, Zeynep.$4aut
=700  1\$aArca, Özcan$4drt
=700  1\$aBass, George.$4oth
=700  1\$aHocker, Frederick$4oth
=700  1\$aErkal, Genco.$4nrt
=773  0\$dWatertown, MA : Documentary Educational Resources (DER), 1999
=856  40$uhttp://www.aspresolver.com/aspresolver.asp?ANTH;764792$yAlexander Street Press Ethnographic Video Online
=859  \\$aORR$bAlexander Street Press
=883  0\$aLanguage codes assigned by Bayesian analysis of words present in record$d20201028$qUk$c0.9010
=985  \\$aUpgraded by BSS-generated file for WR2011-1472
=CAT  \\$aWR13_071$b00$c20130610$lBLL01$h1613
=CAT  \\$aBATCH$b00$c20130610$lBLL01$h1613
=CAT  \\$aWR16_088$c20160606$lBLL01$h1632
=CAT  \\$aBATCH-UPD$b00$c20160606$lBLL01$h1634
=CAT  \\$aW1610-0368$c20161006$lBLL01$h0938
=CAT  \\$aW1606-1753$c20171028$lBLL01$h1352
=CAT  \\$aW2011-1472$b00$c20201127$lBLL01$h1833
=FIN  \\$aY$d20130610
=LAS  \\$aW2011-1472$b00$c20201127$lBLL01$h1833

