=LDR  02024 gm a2200481uu 4500
=001  016428079
=003  Uk
=005  20201127183326.0
=008  100813s2006\\\\xx\|||\|||||||||||mleng\d
=FMT  \\$a  VM
=035  \\$aASP764794/ant1
=245  00$aIn Pursuit of the Siberian Shaman
=260  \\$aWatertown, MA$bDocumentary Educational Resources (DER)$c2006
=306  \\$a74 minutes
=490  0\$aEthnographic Video Online, Volume 1
=505  00$aRecorded in 2004
=520  3\$aLong suppressed by missionaries and then by Soviet anti-religious campaigns, Siberian shamanism has experienced an unprecedented revival following the collapse of the Soviet Union, and the number of shamans continues to rise. But who are these new shamans? Are they tricksters, magicians, businessmen, or cultural activists?
=546  \\$aIn Russian, Subtitles in English
=650  04$aBuryat
=650  \4$aTourism industry
=650  \4$aSpiritual leaders
=650  \4$aAnthropology
=650  \4$aCultural identity
=650  \4$aEconomics
=650  \4$aReligion
=650  \4$aShamanism
=700  1\$aBernstein, Anya.$4pro
=700  1\$aBernstein, Anya.$4aut
=700  1\$aBernstein, Anya.$4drt
=773  0\$dWatertown, MA : Documentary Educational Resources (DER), 2006
=856  40$uhttp://www.aspresolver.com/aspresolver.asp?ANTH;764794$yAlexander Street Press Ethnographic Video Online
=859  \\$aORR$bAlexander Street Press
=883  0\$aLanguage codes assigned by Bayesian analysis of words present in record$d20201028$qUk$c0.9010
=985  \\$aUpgraded by BSS-generated file for WR2011-1472
=CAT  \\$aWR13_071$b00$c20130610$lBLL01$h1613
=CAT  \\$aBATCH$b00$c20130610$lBLL01$h1613
=CAT  \\$aWR16_088$c20160606$lBLL01$h1632
=CAT  \\$aBATCH-UPD$b00$c20160606$lBLL01$h1634
=CAT  \\$aW1610-0368$c20161006$lBLL01$h0938
=CAT  \\$aW1606-1753$c20171028$lBLL01$h1352
=CAT  \\$aW2011-1472$b00$c20201127$lBLL01$h1833
=FIN  \\$aY$d20130610
=LAS  \\$aW2011-1472$b00$c20201127$lBLL01$h1833

