=LDR  02336 gm a2200433uu 4500
=001  016428080
=003  Uk
=005  20201127183326.0
=008  100813s1999\\\\xx\|||\|||||||||||mleng\d
=FMT  \\$a  VM
=035  \\$aASP1879464/ant1
=245  00$aIn Search Of The Giant Snake
=260  \\$aParis, France$bZED$c1999
=306  \\$a30 minutes
=490  0\$aEthnographic Video Online, Volume 1
=505  00$aLong ago, Earth was dominated by supernatural beings: spirits who lived in the forest and in the ocean. To live in harmony with them, Man had to learn to respect nature and animals.Today the Masters of the Spirits are the guardians of ancient beliefs uniting men and animals: by respecting these eternal legends, Man continues to live incredible adventures with animals, hoping to receive the spirit`s protection.For its 13 extraordinary and true stories, the series entitled " The Master of the Spirits" has sought out civilizations who still believe in magic, and whose people continue to share remarkable experriences with animals, hoping to win the favor of the spirits.From the mysterious fishermen of the Himalayan rivers to the last eagle tamers of the Kirgisthan mountains, this collection recounts the most beautiful legends featuring exceptional relationships between Man and animals.
=546  \\$aIn English
=650  04$aDuru
=650  \4$aMyths and legends
=650  \4$aSnakebites
=650  \4$aDomestic life
=650  \4$aCotton
=650  \4$aSnakes
=700  1\$aCatteau, Manuel$4pro
=700  1\$aSegur, Jérôme$4drt
=700  1\$aWenger, Allan$4nrt
=773  0\$dParis, France : ZED, 1999
=856  40$uhttp://www.aspresolver.com/aspresolver.asp?ANTH;1879464$yAlexander Street Press Ethnographic Video Online
=859  \\$aORR$bAlexander Street Press
=883  0\$aLanguage codes assigned by Bayesian analysis of words present in record$d20201028$qUk$c0.9010
=985  \\$aUpgraded by BSS-generated file for WR2011-1472
=CAT  \\$aWR13_071$b00$c20130610$lBLL01$h1613
=CAT  \\$aBATCH$b00$c20130610$lBLL01$h1613
=CAT  \\$aWR16_088$c20160606$lBLL01$h1632
=CAT  \\$aW1610-0368$c20161006$lBLL01$h0938
=CAT  \\$aW1606-1753$c20171028$lBLL01$h1352
=CAT  \\$aW2011-1472$b00$c20201127$lBLL01$h1833
=FIN  \\$aY$d20130610
=LAS  \\$aW2011-1472$b00$c20201127$lBLL01$h1833

