=LDR  02377 gm a2200541uu 4500
=001  016428081
=003  Uk
=005  20201127183326.0
=008  100813s2004\\\\xx\|||\|||||||||||mleng\d
=FMT  \\$a  VM
=035  \\$aASP764796/ant1
=245  00$aIn Search of the Hamat'sa: A Tale of Headhunting
=260  \\$aWatertown, MA$bDocumentary Educational Resources (DER)$c2004
=306  \\$a33 minutes
=490  0\$aEthnographic Video Online, Volume 1
=505  00$aThe Hamat'sa (or "Cannibal Dance") is the most important-and highly represented-ceremony of the Kwakwaka'wakw (Kwakiutl) people of British Columbia. This film traces the history of anthropological depictions of the dance and, through the return of archival materials to a First Nations community, presents some of the ways in which diverse attitudes toward this history inform current performances of the Hamat'sa.
=546  \\$aIn English, Subtitles in English
=600  14$aBoas, Franz
=600  14$aCurtis, Edward S.
=650  04$aKwakiutl (Kwakwaka'wakw)
=650  04$aEskimo
=650  \4$aField work for anthropology
=650  \4$aCultural change and history
=650  \4$aSocial dances
=650  \4$aReligious rites and ceremonies
=650  \4$aTribal and national groups
=650  \4$aCultural identity
=700  1\$aGlass, Aaron.$4aut
=700  1\$aGlass, Aaron.$4drt
=700  1\$aAlfred, Wayne$4oth
=700  1\$aCranmer, Andrea$4oth
=700  1\$aCranmer, Barbara$4oth
=700  1\$aWasden, William, Jr.$4oth
=700  1\$aGlass, Aaron.$4nrt
=773  0\$dWatertown, MA : Documentary Educational Resources (DER), 2004
=856  40$uhttp://www.aspresolver.com/aspresolver.asp?ANTH;764796$yAlexander Street Press Ethnographic Video Online
=859  \\$aORR$bAlexander Street Press
=883  0\$aLanguage codes assigned by Bayesian analysis of words present in record$d20201028$qUk$c0.9010
=985  \\$aUpgraded by BSS-generated file for WR2011-1472
=CAT  \\$aWR13_071$b00$c20130610$lBLL01$h1613
=CAT  \\$aBATCH$b00$c20130610$lBLL01$h1613
=CAT  \\$aWR16_088$c20160606$lBLL01$h1632
=CAT  \\$aBATCH-UPD$b00$c20160606$lBLL01$h1634
=CAT  \\$aW1610-0368$c20161006$lBLL01$h0938
=CAT  \\$aW1606-1753$c20171028$lBLL01$h1352
=CAT  \\$aW2011-1472$b00$c20201127$lBLL01$h1833
=FIN  \\$aY$d20130610
=LAS  \\$aW2011-1472$b00$c20201127$lBLL01$h1833

