=LDR  02380 gm a2200529uu 4500
=001  016428082
=003  Uk
=005  20201127183326.0
=008  100813s1985\\\\xx\|||\|||||||||||mleng\d
=FMT  \\$a  VM
=035  \\$aASP764798/ant1
=245  00$aIn the Footsteps of Taytacha
=260  \\$aWatertown, MA$bDocumentary Educational Resources (DER)$c1985
=306  \\$a29 minutes
=490  0\$aEthnographic Video Online, Volume 1
=505  00$aIn the Footsteps of Taytacha follows a group of Quechua-speaking musicians and dancers as they leave their remote villages high in the Andes Mountains of Peru and join thousands of other highlanders on the annual religious pilgrimage to the sacred peaks of Qoyllur-Rití. Quollur-Rití, the largest and most important religious ritual in the southern Andes, occurs only five days out of the year and involves walking both day and night in terrain over 4400 meters in altitude.
=546  \\$aIn English, Quechua, Subtitles in English
=650  04$aRuna
=650  \4$aCostumes
=650  \4$aMountains
=650  \4$aRural population
=650  \4$aPilgrimage
=650  \4$aReligious festivals
=700  1\$aGetzels, Peter.$4pro
=700  1\$aGordon, Harriet$4pro
=700  1\$aGetzels, Peter.$4aut
=700  1\$aGordon, Harriet$4aut
=700  1\$aGetzels, Peter.$4drt
=700  1\$aGordon, Harriet$4drt
=700  1\$aGetzels, Peter.$4nrt
=700  1\$aWest, Stephen$c(Narrator)$4nrt
=773  0\$dWatertown, MA : Documentary Educational Resources (DER), 1985
=856  40$uhttp://www.aspresolver.com/aspresolver.asp?ANTH;764798$yAlexander Street Press Ethnographic Video Online
=859  \\$aORR$bAlexander Street Press
=883  0\$aLanguage codes assigned by Bayesian analysis of words present in record$d20201028$qUk$c0.9010
=985  \\$aUpgraded by BSS-generated file for WR2011-1472
=CAT  \\$aWR13_071$b00$c20130610$lBLL01$h1613
=CAT  \\$aBATCH$b00$c20130610$lBLL01$h1613
=CAT  \\$aBATCH-UPD$b00$c20141223$lBLL01$h0425
=CAT  \\$aWR16_088$c20160606$lBLL01$h1632
=CAT  \\$aBATCH-UPD$b00$c20160606$lBLL01$h1634
=CAT  \\$aW1610-0368$c20161006$lBLL01$h0938
=CAT  \\$aW1606-1753$c20171028$lBLL01$h1352
=CAT  \\$a8962$b40$c20190417$lBLL01$h0737
=CAT  \\$aW2011-1472$b00$c20201127$lBLL01$h1833
=FIN  \\$aY$d20130610
=LAS  \\$aW2011-1472$b00$c20201127$lBLL01$h1833

