=LDR  02168 gm a2200493uu 4500
=001  016428084
=003  Uk
=005  20201127183326.0
=008  100813s1998\\\\xx\|||\|||||||||||mleng\d
=FMT  \\$a  VM
=035  \\$aASP764800/ant1
=245  00$aIn the Shadow of The Sun
=246  13$aÀ l'ombre du soleil
=260  \\$aWatertown, MA$bDocumentary Educational Resources (DER)$c1998
=306  \\$a83 minutes
=490  0\$aEthnographic Video Online, Volume 1
=505  00$aRecorded in 1992
=520  3\$aA film about a Dogon funeral and enthronement ritual.In Mali, 800 kilometers northeast of the capital of Bamako, the cliffs of Bandiagara stretch about 300 kilometers and reach a height of 300 meters. It is here among the Arou, one of the four tribes of the Dogon population, that Amma, Lord and creator of the world, chose the supreme religious chief who was responsible for fertility, rain and order on earth.
=546  \\$aIn English, Subtitles in English
=650  04$aDogon
=650  \4$aSpiritual leaders
=650  \4$aBurial services
=650  \4$aFunerals
=650  \4$aTraditional history
=700  1\$aLordou, Phillipe$4pro
=700  1\$aWanono, Nadine.$4pro
=700  1\$aWanono, Nadine.$4aut
=700  1\$aLordou, Phillipe$4drt
=700  1\$aWanono, Nadine.$4drt
=700  1\$aDin, Ogomalé$4oth
=773  0\$dWatertown, MA : Documentary Educational Resources (DER), 1998
=856  40$uhttp://www.aspresolver.com/aspresolver.asp?ANTH;764800$yAlexander Street Press Ethnographic Video Online
=859  \\$aORR$bAlexander Street Press
=883  0\$aLanguage codes assigned by Bayesian analysis of words present in record$d20201028$qUk$c0.9010
=985  \\$aUpgraded by BSS-generated file for WR2011-1472
=CAT  \\$aWR13_071$b00$c20130610$lBLL01$h1613
=CAT  \\$aBATCH$b00$c20130610$lBLL01$h1613
=CAT  \\$aWR16_088$c20160606$lBLL01$h1632
=CAT  \\$aBATCH-UPD$b00$c20160606$lBLL01$h1634
=CAT  \\$aW1610-0368$c20161006$lBLL01$h0938
=CAT  \\$aW1606-1753$c20171028$lBLL01$h1352
=CAT  \\$aW2011-1472$b00$c20201127$lBLL01$h1833
=FIN  \\$aY$d20130610
=LAS  \\$aW2011-1472$b00$c20201127$lBLL01$h1833

