=LDR  02099 gm a2200493uu 4500
=001  016428085
=003  Uk
=005  20201127183326.0
=008  100813s1997\\\\xx\|||\|||||||||||mleng\d
=FMT  \\$a  VM
=035  \\$aASP764802/ant1
=245  00$aInagina: The Last House of Iron
=260  \\$aWatertown, MA$bDocumentary Educational Resources (DER)$c1997
=306  \\$a52 minutes
=490  0\$aEthnographic Video Online, Volume 1
=505  00$aSwiss archaeologist Eric Huysecom and cameraman Bernard Augustoni work with 13 master smelters to recreate the building of a traditional furnace for smelting iron in Mali. There has not been any traditional iron smelting in Africa since the 1960's, in part due to the importing of cheaper substitutes.
=546  \\$aIn English, Subtitles in English
=650  04$aMandé
=650  \4$aGender roles
=650  \4$aCultural change and history
=650  \4$aReligious rites and ceremonies
=650  \4$aMining industry
=650  \4$aMetal-working
=700  1\$aAugustoni, Bernard$4pro
=700  1\$aHuysecom, Eric.$4pro
=700  1\$aGodel, Armen$4aut
=700  1\$aAugustoni, Bernard$4drt
=700  1\$aHuysecom, Eric.$4drt
=700  1\$aArama, Amatiégé$4oth
=700  1\$aFowley, Douglas, Jr.$4nrt
=773  0\$dWatertown, MA : Documentary Educational Resources (DER), 1997
=856  40$uhttp://www.aspresolver.com/aspresolver.asp?ANTH;764802$yAlexander Street Press Ethnographic Video Online
=859  \\$aORR$bAlexander Street Press
=883  0\$aLanguage codes assigned by Bayesian analysis of words present in record$d20201028$qUk$c0.9010
=985  \\$aUpgraded by BSS-generated file for WR2011-1472
=CAT  \\$aWR13_071$b00$c20130610$lBLL01$h1613
=CAT  \\$aBATCH$b00$c20130610$lBLL01$h1613
=CAT  \\$aWR16_088$c20160606$lBLL01$h1632
=CAT  \\$aBATCH-UPD$b00$c20160606$lBLL01$h1634
=CAT  \\$aW1610-0368$c20161006$lBLL01$h0938
=CAT  \\$aW1606-1753$c20171028$lBLL01$h1352
=CAT  \\$aW2011-1472$b00$c20201127$lBLL01$h1833
=FIN  \\$aY$d20130610
=LAS  \\$aW2011-1472$b00$c20201127$lBLL01$h1833

