=LDR  02659 gm a2200421uu 4500
=001  016428086
=003  Uk
=005  20201127183326.0
=008  100813s2002\\\\xx\|||\|||||||||||mleng\d
=FMT  \\$a  VM
=035  \\$aASP1784884/ant1
=245  00$aInca Music, Journeys and Rituals
=260  \\$aNew York, NY$bFilmakers Library$c2002
=306  \\$a29 minutes
=490  0\$aEthnographic Video Online, Volume 1
=520  3\$aTwo Peruvian musicians, Ebert and Jabier, have dedicated their lives to researching the ancient musical traditions of Peru. Ebert reproduces the old instruments, using natural materials such as bamboo, clay, bone and horn. He also collects the music for the Peruvian Institute for Culture and teaches it to children so it will survive. After being blessed by a medicine man in a sacred ritual, Ebert and Jabier journey into the rain forest where they visit three tribal communities. In the first village, where Machiguenga Indians live, only the old shaman still remembers the songs. In another village, Palotoa, very few recall their traditions. The missionaries' threats of "burning in hell" have made the Indians afraid to practice their original rituals. In the last village they visit, Diamante, the inhabitants have completely lost their identity due to the destructive influence of the timber company, the missionaries and tourism. Children are ashamed of being Indian and the women only dance when a tourist boat sails by. Saddened by this erosion of cultural roots, the two musicians will nevertheless preserve the music that a few of the elderly shared with them.
=546  \\$aIn Danish, Subtitles in English
=650  04$aInca
=650  \4$aCultural assimilation
=650  \4$aCultural change and history
=650  \4$aCultural identity
=650  \4$aTribal and national groups
=650  \4$aFolklore
=650  \4$aMusic
=700  1\$aDalhoff, Anja$4drt
=773  0\$dNew York, NY : Filmakers Library, 2002
=856  40$uhttp://www.aspresolver.com/aspresolver.asp?ANTH;1784884$yAlexander Street Press Ethnographic Video Online
=859  \\$aORR$bAlexander Street Press
=883  0\$aLanguage codes assigned by Bayesian analysis of words present in record$d20201028$qUk$c0.9010
=985  \\$aUpgraded by BSS-generated file for WR2011-1472
=CAT  \\$aWR13_071$b00$c20130610$lBLL01$h1613
=CAT  \\$aBATCH$b00$c20130610$lBLL01$h1613
=CAT  \\$aWR16_088$c20160606$lBLL01$h1632
=CAT  \\$aW1610-0368$c20161006$lBLL01$h0938
=CAT  \\$aW1606-1753$c20171028$lBLL01$h1352
=CAT  \\$aW2011-1472$b00$c20201127$lBLL01$h1833
=FIN  \\$aY$d20130610
=LAS  \\$aW2011-1472$b00$c20201127$lBLL01$h1833

