=LDR  02570 gm a2200601uu 4500
=001  016428087
=003  Uk
=005  20201127183326.0
=008  100813s1997\\\\xx\|||\|||||||||||mleng\d
=FMT  \\$a  VM
=035  \\$aASP764804/ant1
=245  00$aIncidents Of Travel In Chichen Itza
=260  \\$aWatertown, MA$bDocumentary Educational Resources (DER)$c1997
=306  \\$a90 minutes
=490  0\$aEthnographic Video Online, Volume 1
=505  00$aThis original ethnographic video depicts how New Agers, the Mexican state, tourists, and 1920s archaeologists all contend to "clear" the site of the antique Maya city of Chichen Itza in order to produce their own idealized and unobstructed visions of "Maya" while the local Maya themselves struggle to occupy the site as vendors and artisans. The setting is the spring Equinox when a shadow said to represent the Maya serpent-god Kukulkan appears on one temple pyramid.
=546  \\$aIn English, Subtitles in English
=650  04$aMaya
=650  \4$aCultural identity
=650  \4$aTribal and national groups
=650  \4$aReligious calendar
=650  \4$aReligious beliefs
=650  \4$aTourist attractions
=650  \4$aArchaeological sites
=700  1\$aCastañeda, Quetzil$4pro
=700  1\$aHimpele, Jeffrey$4pro
=700  1\$aCastañeda, Quetzil$4aut
=700  1\$aHimpele, Jeffrey$4aut
=700  1\$aCastañeda, Quetzil$4drt
=700  1\$aHimpele, Jeffrey$4drt
=700  1\$aAuth, Bill$4oth
=700  1\$aBurgos, Gaspar$4oth
=700  1\$aBurgos, Tito$4oth
=700  1\$aCanul, Avelino$4oth
=700  1\$aChumin, Don$4oth
=700  1\$aCollodoro, Anita$4oth
=700  1\$aGüemez, Miguel$4oth
=700  1\$aMen, Hunbatz$4oth
=700  1\$aParra, Luis$4oth
=700  1\$aYam, Gilberto$4oth
=773  0\$dWatertown, MA : Documentary Educational Resources (DER), 1997
=856  40$uhttp://www.aspresolver.com/aspresolver.asp?ANTH;764804$yAlexander Street Press Ethnographic Video Online
=859  \\$aORR$bAlexander Street Press
=883  0\$aLanguage codes assigned by Bayesian analysis of words present in record$d20201028$qUk$c0.9010
=985  \\$aUpgraded by BSS-generated file for WR2011-1472
=CAT  \\$aWR13_071$b00$c20130610$lBLL01$h1613
=CAT  \\$aBATCH$b00$c20130610$lBLL01$h1613
=CAT  \\$aWR16_088$c20160606$lBLL01$h1632
=CAT  \\$aW1610-0368$c20161006$lBLL01$h0938
=CAT  \\$aW1606-1753$c20171028$lBLL01$h1352
=CAT  \\$aW2011-1472$b00$c20201127$lBLL01$h1833
=FIN  \\$aY$d20130610
=LAS  \\$aW2011-1472$b00$c20201127$lBLL01$h1833

