=LDR  02515 gm a2200613uu 4500
=001  016428088
=003  Uk
=005  20201127183326.0
=008  100813s1985\\\\xx\|||\|||||||||||mleng\d
=FMT  \\$a  VM
=035  \\$aASP764806/ant1
=245  00$aIndian Self-Rule: A Problem of History
=260  \\$aWatertown, MA$bDocumentary Educational Resources (DER)$c1985
=306  \\$a58 minutes
=490  0\$aEthnographic Video Online, Volume 1
=505  00$aAfter centuries of struggle, the Indians of North America own less than 2% of the land settled by their ancestors. Indian Self-Rule traces the history of white-Indian relations from nineteenth century treaties through the present, as tribal leaders, historians, teachers, and other Indians gather at a 1983 conference organized to reevaluate the significance of the Indian Reorganization Act of 1934.
=546  \\$aIn English
=650  04$aQuinault
=650  04$aNavajo
=650  04$aKootenai
=650  04$aPend d'Oreilles
=650  04$aSalish
=650  04$aAmerican Indian
=650  \4$aGovernment policies
=650  \4$aLand redistribution
=650  \4$aIndian reservations
=650  \4$aCultural change and history
=650  \4$aCultural identity
=650  \4$aTribal and national groups
=700  1\$aThomas, Selma.$4pro
=700  1\$aThomas, Selma.$4aut
=700  1\$aThomas, Selma.$4drt
=700  1\$aBuffalohead, Roger$4oth
=700  1\$aDeLaCruz, Joe$4oth
=700  1\$aDeloria, Philip "Sam"$4oth
=700  1\$aLyons, Oren.$4oth
=700  1\$aTherriault, Ron$4oth
=700  1\$aZah, Peterson.$4oth
=700  1\$aD'Arms, Ted.$4nrt
=773  0\$dWatertown, MA : Documentary Educational Resources (DER), 1985
=856  40$uhttp://www.aspresolver.com/aspresolver.asp?ANTH;764806$yAlexander Street Press Ethnographic Video Online
=859  \\$aORR$bAlexander Street Press
=883  0\$aLanguage codes assigned by Bayesian analysis of words present in record$d20201028$qUk$c0.9010
=985  \\$aUpgraded by BSS-generated file for WR2011-1472
=CAT  \\$aWR13_071$b00$c20130610$lBLL01$h1613
=CAT  \\$aBATCH$b00$c20130610$lBLL01$h1613
=CAT  \\$aBATCH-UPD$b00$c20150107$lBLL01$h2252
=CAT  \\$aWR16_088$c20160606$lBLL01$h1632
=CAT  \\$aBATCH-UPD$b00$c20160606$lBLL01$h1634
=CAT  \\$aW1610-0368$c20161006$lBLL01$h0938
=CAT  \\$aW1606-1753$c20171028$lBLL01$h1352
=CAT  \\$aW2011-1472$b00$c20201127$lBLL01$h1833
=FIN  \\$aY$d20130610
=LAS  \\$aW2011-1472$b00$c20201127$lBLL01$h1833

