=LDR  02307 gm a2200541uu 4500
=001  016428091
=003  Uk
=005  20201127183326.0
=008  100813s2000\\\\xx\|||\|||||||||||mleng\d
=FMT  \\$a  VM
=035  \\$aASP764716/ant1
=245  00$aIndians in Brazil: From the Other Side of the Sky (The Other Side of Heaven)
=260  \\$aWatertown, MA$bDocumentary Educational Resources (DER)$c2000
=306  \\$a18 minutes
=490  0\$aEthnographic Video Online, Volume 1
=505  00$aFrom the Other Side of the Sky explains the importance of religious ritual for Brazilian Indians and shows the diversity of religious practices among various groups. The Yanomami Indians, as one of their shamans explains, believe that Omami, the creator, holds up the sky. If no one practices religious rituals the sky will fall down.
=546  \\$aIn Portuguese, Subtitles in English
=650  04$aPankararu
=650  04$aMaxacalis
=650  04$aYanomamö
=650  \4$aRural population
=650  \4$aMyths and legends
=650  \4$aTribal and national groups
=650  \4$aReligion
=650  \4$aReligious rites and ceremonies
=650  \4$aShamanism
=700  1\$aFormaggini, Beth.$4pro
=700  1\$aCarelli, Vincent.$4aut
=700  1\$aCarelli, Vincent.$4drt
=700  1\$aFerreira, José.$4oth
=700  1\$aJulião, Juliana$4oth
=700  1\$aKopenawa, Davi.$4oth
=700  1\$aKrenak, Ailton.$4oth
=700  1\$ade Jesus, Quitéria Maria$4oth
=773  0\$dWatertown, MA : Documentary Educational Resources (DER), 2000
=856  40$uhttp://www.aspresolver.com/aspresolver.asp?ANTH;764716$yAlexander Street Press Ethnographic Video Online
=859  \\$aORR$bAlexander Street Press
=883  0\$aLanguage codes assigned by Bayesian analysis of words present in record$d20201028$qUk$c0.9010
=985  \\$aUpgraded by BSS-generated file for WR2011-1472
=CAT  \\$aWR13_071$b00$c20130610$lBLL01$h1613
=CAT  \\$aBATCH$b00$c20130610$lBLL01$h1613
=CAT  \\$aBATCH-UPD$b00$c20150625$lBLL01$h2020
=CAT  \\$aWR16_088$c20160606$lBLL01$h1632
=CAT  \\$aW1610-0368$c20161006$lBLL01$h0938
=CAT  \\$aW1606-1753$c20171028$lBLL01$h1352
=CAT  \\$aW2011-1472$b00$c20201127$lBLL01$h1833
=FIN  \\$aY$d20130610
=LAS  \\$aW2011-1472$b00$c20201127$lBLL01$h1833

