=LDR  02458 gm a2200589uu 4500
=001  016428092
=003  Uk
=005  20201127183326.0
=008  100813s2000\\\\xx\|||\|||||||||||mleng\d
=FMT  \\$a  VM
=035  \\$aASP765046/ant1
=245  00$aIndians in Brazil: Our Languages
=260  \\$aWatertown, MA$bDocumentary Educational Resources (DER)$c2000
=306  \\$a20 minutes
=490  0\$aEthnographic Video Online, Volume 1
=505  00$aPart of the Indians in Brazil series, Our Languages relates the historic repression of indigenous languages in Brazil. Many Indian languages were nearly lost thanks to missionaries and merchants - who rewarded Indians for learning Portuguese with status and material gifts - and government-sponsored schools that punished children for speaking in their native tongues.
=546  \\$aIn Portuguese, Subtitles in English
=650  04$aKaxinawa
=650  04$aKaingang
=650  04$aBaniwa
=650  04$aTariano (Tariana)
=650  04$aPankararu
=650  \4$aCultural assimilation
=650  \4$aCultural identity
=650  \4$aEducation
=650  \4$aAmerican Indians
=650  \4$aAmerican Indian languages
=650  \4$aTribal and national groups
=700  1\$aCarelli, Vincent.$4drt
=700  1\$aFranca, Bras de Oliveira$4oth
=700  1\$aGarcía, Pedro.$4oth
=700  1\$aInácio, Azilene$4oth
=700  1\$aJose, Bonifacio$4oth
=700  1\$aJuliao, Agenor Gomes$4oth
=700  1\$aManá, Joaquim$4oth
=700  1\$ade Jesus, Quitéria Maria$4oth
=700  1\$aKrenak, Ailton.$4nrt
=773  0\$dWatertown, MA : Documentary Educational Resources (DER), 2000
=856  40$uhttp://www.aspresolver.com/aspresolver.asp?ANTH;765046$yAlexander Street Press Ethnographic Video Online
=859  \\$aORR$bAlexander Street Press
=883  0\$aLanguage codes assigned by Bayesian analysis of words present in record$d20201028$qUk$c0.9010
=985  \\$aUpgraded by BSS-generated file for WR2011-1472
=CAT  \\$aWR13_071$b00$c20130610$lBLL01$h1613
=CAT  \\$aBATCH$b00$c20130610$lBLL01$h1613
=CAT  \\$aBATCH-UPD$b00$c20130610$lBLL01$h1617
=CAT  \\$aBATCH-UPD$b00$c20160422$lBLL01$h2051
=CAT  \\$aWR16_088$c20160606$lBLL01$h1632
=CAT  \\$aW1610-0368$c20161006$lBLL01$h0938
=CAT  \\$aW1606-1753$c20171028$lBLL01$h1352
=CAT  \\$aW2011-1472$b00$c20201127$lBLL01$h1833
=FIN  \\$aY$d20130610
=LAS  \\$aW2011-1472$b00$c20201127$lBLL01$h1833

