=LDR  02176 gm a2200445uu 4500
=001  016428093
=003  Uk
=005  20201127183326.0
=008  100813s2000\\\\xx\|||\|||||||||||mleng\d
=FMT  \\$a  VM
=035  \\$aASP765050/ant1
=245  00$aIndians in Brazil: Our Rights
=260  \\$aWatertown, MA$bDocumentary Educational Resources (DER)$c2000
=306  \\$a18 minutes
=490  0\$aEthnographic Video Online, Volume 1
=505  00$aOur Rights outlines the rights guaranteed to indigenous people by the 1988 Constitution of Brazil: right to land, health, education in their own language and free organization of their communities. Statements from the leader of the Federation of Indigenous Organizations from Rio Negro (FOIRN) and leaders from indigenous tribes such as Kaiowá, Kaxinawá, Yanomami, Ashaninka and Kaingang reiterate the need for this legislation to be enforced on a practical level, while praising its respect for cultural differences.
=650  04$aAmerican Indian
=650  \4$aConstitution
=650  \4$aCivil rights
=650  \4$aCultural change and history
=650  \4$aTribal and national groups
=700  1\$aCarelli, Vincent.$4aut
=700  1\$aCarelli, Vincent.$4drt
=700  1\$aGarcía, Pedro.$4oth
=700  1\$aInácio, Azilene$4oth
=773  0\$dWatertown, MA : Documentary Educational Resources (DER), 2000
=856  40$uhttp://www.aspresolver.com/aspresolver.asp?ANTH;765050$yAlexander Street Press Ethnographic Video Online
=859  \\$aORR$bAlexander Street Press
=883  0\$aLanguage codes assigned by Bayesian analysis of words present in record$d20201028$qUk$c0.9010
=985  \\$aUpgraded by BSS-generated file for WR2011-1472
=CAT  \\$aWR13_071$b00$c20130610$lBLL01$h1613
=CAT  \\$aBATCH$b00$c20130610$lBLL01$h1613
=CAT  \\$aBATCH-UPD$b00$c20130610$lBLL01$h1617
=CAT  \\$aWR16_088$c20160606$lBLL01$h1632
=CAT  \\$aBATCH-UPD$b00$c20160606$lBLL01$h1634
=CAT  \\$aW1610-0368$c20161006$lBLL01$h0938
=CAT  \\$aW1606-1753$c20171028$lBLL01$h1352
=CAT  \\$aW2011-1472$b00$c20201127$lBLL01$h1833
=FIN  \\$aY$d20130610
=LAS  \\$aW2011-1472$b00$c20201127$lBLL01$h1833

