=LDR  02093 gm a2200481uu 4500
=001  016428095
=003  Uk
=005  20201127183326.0
=008  100813s2000\\\\xx\|||\|||||||||||mleng\d
=FMT  \\$a  VM
=035  \\$aASP765372/ant1
=245  00$aIndians in Brazil: The First Contacts
=260  \\$aWatertown, MA$bDocumentary Educational Resources (DER)$c2000
=306  \\$a19 minutes
=490  0\$aEthnographic Video Online, Volume 1
=505  00$aWith the colonization of BrazilÕs Mid-West in the 1950s and the construction of the Transamazônica and other highways in the 1970s, whites began to make large-scale contact with Indians, with disastrous results. Epidemics decimated populations of groups such as the Cinta-Larga, with the deaths amounting in some cases to veritable genocide.
=546  \\$aIn Portuguese, Subtitles in English
=650  04$aParakanã
=650  04$aXavante
=650  \4$aCultural identity
=650  \4$aColonization
=650  \4$aEpidemics
=650  \4$aCultural change and history
=650  \4$aTribal and national groups
=700  1\$aFormaggini, Beth.$4pro
=700  1\$aCarelli, Vincent.$4aut
=700  1\$aCarelli, Vincent.$4drt
=700  1\$aKopenawa, Davi.$4oth
=700  1\$aKrenak, Ailton.$4oth
=773  0\$dWatertown, MA : Documentary Educational Resources (DER), 2000
=856  40$uhttp://www.aspresolver.com/aspresolver.asp?ANTH;765372$yAlexander Street Press Ethnographic Video Online
=859  \\$aORR$bAlexander Street Press
=883  0\$aLanguage codes assigned by Bayesian analysis of words present in record$d20201028$qUk$c0.9010
=985  \\$aUpgraded by BSS-generated file for WR2011-1472
=CAT  \\$aWR13_071$b00$c20130610$lBLL01$h1613
=CAT  \\$aBATCH$b00$c20130610$lBLL01$h1613
=CAT  \\$aBATCH-UPD$b00$c20150625$lBLL01$h2020
=CAT  \\$aWR16_088$c20160606$lBLL01$h1632
=CAT  \\$aW1610-0368$c20161006$lBLL01$h0938
=CAT  \\$aW1606-1753$c20171028$lBLL01$h1352
=CAT  \\$aW2011-1472$b00$c20201127$lBLL01$h1833
=FIN  \\$aY$d20130610
=LAS  \\$aW2011-1472$b00$c20201127$lBLL01$h1833

