=LDR  01950 gm a2200433uu 4500
=001  016428096
=003  Uk
=005  20201127183326.0
=008  100813s2000\\\\xx\|||\|||||||||||mleng\d
=FMT  \\$a  VM
=035  \\$aASP765604/ant1
=245  00$aIndians in Brazil: Who Are They?
=260  \\$aWatertown, MA$bDocumentary Educational Resources (DER)$c2000
=306  \\$a18 minutes
=490  0\$aEthnographic Video Online, Volume 1
=505  00$aThe first program in the Indians in Brazil series, Who are They? asks people what they know about Brazilian Indians, exposing common stereotypes. School curriculums emphasize native culture as a historical artifact rather than a contemporary reality, and TV news gives the Brazilian public the impression that Indians are nearly extinct.
=546  \\$aIn English, Subtitles in English
=650  04$aAmerican Indian
=650  \4$aStereotypes
=650  \4$aCultural identity
=650  \4$aTribal and national groups
=700  1\$aCarelli, Vincent.$4aut
=700  1\$aCarelli, Vincent.$4drt
=700  1\$aInácio, Azilene$4oth
=700  1\$aKrenak, Ailton.$4oth
=773  0\$dWatertown, MA : Documentary Educational Resources (DER), 2000
=856  40$uhttp://www.aspresolver.com/aspresolver.asp?ANTH;765604$yAlexander Street Press Ethnographic Video Online
=859  \\$aORR$bAlexander Street Press
=883  0\$aLanguage codes assigned by Bayesian analysis of words present in record$d20201028$qUk$c0.9010
=985  \\$aUpgraded by BSS-generated file for WR2011-1472
=CAT  \\$aWR13_071$b00$c20130610$lBLL01$h1613
=CAT  \\$aBATCH$b00$c20130610$lBLL01$h1613
=CAT  \\$aBATCH-UPD$b00$c20160422$lBLL01$h2051
=CAT  \\$aWR16_088$c20160606$lBLL01$h1632
=CAT  \\$aW1610-0368$c20161006$lBLL01$h0938
=CAT  \\$aW1606-1753$c20171028$lBLL01$h1352
=CAT  \\$aW2011-1472$b00$c20201127$lBLL01$h1833
=FIN  \\$aY$d20130610
=LAS  \\$aW2011-1472$b00$c20201127$lBLL01$h1833

