=LDR  02402 gm a2200589uu 4500
=001  016428097
=003  Uk
=005  20201127183326.0
=008  100813s9999\\\\xx\|||\|||||||||||mleng\d
=FMT  \\$a  VM
=035  \\$aASP1689481/ant1
=245  00$aIndigenous Survivors
=260  \\$aTrinidad & Tobago, The Caribbean$bBanyan
=306  \\$a25 minutes
=490  0\$aEthnographic Video Online, Volume 1
=490  0\$aCaribbean Eye
=505  00$aAlthough the indigenous population of the Caribbean was decimated by the European invasion, many peoples and many cultural traditions have survived and grown stronger through change and hybridization. This program looks at survivors from Guyana, Trinidad, St. Vincent, Dominica, and Belize, examining their current movements toward exchange, cooperation, and united action.
=546  \\$aIn English
=650  04$aCarib
=650  04$aCaribbean
=650  \4$aPolitics
=650  \4$aEthnic groups
=650  \4$aCultural assimilation
=650  \4$aCultural change and history
=650  \4$aCultural identity
=650  \4$aInterethnic relations
=700  1\$aHall, Tony,$d1948-
=700  1\$aLaird, Christopher.$4pro
=700  1\$aPaddington, Bruce.$4pro
=700  1\$aCorsbie, Ken.$4aut
=700  1\$aLaird, Christopher.$4aut
=700  1\$aPaddington, Bruce.$4aut
=700  1\$aLaird, Christopher.$4drt
=700  1\$aPaddington, Bruce.$4drt
=700  1\$aCorsbie, Ken.$4nrt
=773  0\$dTrinidad & Tobago, The Caribbean : Banyan
=856  40$uhttp://www.aspresolver.com/aspresolver.asp?ANTH;1689481$yAlexander Street Press Ethnographic Video Online
=859  \\$aORR$bAlexander Street Press
=883  0\$aLanguage codes assigned by Bayesian analysis of words present in record$d20201028$qUk$c0.9010
=985  \\$aUpgraded by BSS-generated file for WR2011-1472
=CAT  \\$aWR13_071$b00$c20130610$lBLL01$h1613
=CAT  \\$aBATCH$b00$c20130610$lBLL01$h1613
=CAT  \\$aWR16_088$c20160606$lBLL01$h1632
=CAT  \\$aBATCH-UPD$b00$c20160606$lBLL01$h1634
=CAT  \\$aW1610-0368$c20161006$lBLL01$h0938
=CAT  \\$aW1606-1753$c20171028$lBLL01$h1352
=CAT  \\$a8962$b40$c20181114$lBLL01$h1252
=CAT  \\$a8962$b40$c20181114$lBLL01$h1256
=CAT  \\$a8962$b40$c20181114$lBLL01$h1258
=CAT  \\$aW2011-1472$b00$c20201127$lBLL01$h1833
=FIN  \\$aY$d20130610
=LAS  \\$aW2011-1472$b00$c20201127$lBLL01$h1833

