=LDR  01696 gm a2200397uu 4500
=001  016428098
=003  Uk
=005  20201127183326.0
=008  100813s2004\\\\xx\|||\|||||||||||mleng\d
=FMT  \\$a  VM
=035  \\$aASP764394/ant1
=245  00$aIndigenous Video Makers: A Path to Live
=260  \\$aWatertown, MA$bDocumentary Educational Resources (DER)$c2004
=306  \\$a12 minutes
=490  0\$aEthnographic Video Online, Volume 1
=505  00$aIn 2001, the Ashaninka community of the river Amonia adopted a new system for the sustainable management of the tracajá, a type of river turtle that had become scarce due to over-consumption of its eggs and meat by whites and Indians.
=650  04$aAsháninka
=650  \4$aEnvironment
=650  \4$aReptiles and amphibians
=650  \4$aAnimals
=650  \4$aTribal and national groups
=700  1\$aPianco, Benki$4aut
=700  1\$aPianco, Benki$4drt
=773  0\$dWatertown, MA : Documentary Educational Resources (DER), 2004
=856  40$uhttp://www.aspresolver.com/aspresolver.asp?ANTH;764394$yAlexander Street Press Ethnographic Video Online
=859  \\$aORR$bAlexander Street Press
=883  0\$aLanguage codes assigned by Bayesian analysis of words present in record$d20201028$qUk$c0.9010
=985  \\$aUpgraded by BSS-generated file for WR2011-1472
=CAT  \\$aWR13_071$b00$c20130610$lBLL01$h1613
=CAT  \\$aBATCH$b00$c20130610$lBLL01$h1613
=CAT  \\$aWR16_088$c20160606$lBLL01$h1632
=CAT  \\$aW1610-0368$c20161006$lBLL01$h0938
=CAT  \\$aW1606-1753$c20171028$lBLL01$h1352
=CAT  \\$aW2011-1472$b00$c20201127$lBLL01$h1833
=FIN  \\$aY$d20130610
=LAS  \\$aW2011-1472$b00$c20201127$lBLL01$h1833

