=LDR  02260 gm a2200457uu 4500
=001  016428099
=003  Uk
=005  20201127183326.0
=008  100813s2001\\\\xx\|||\|||||||||||mleng\d
=FMT  \\$a  VM
=035  \\$aASP764596/ant1
=245  00$aIndigenous Video Makers: Dancing with a Dog
=260  \\$aWatertown, MA$bDocumentary Educational Resources (DER)$c2001
=306  \\$a44 minutes
=490  0\$aEthnographic Video Online, Volume 1
=505  00$aIn Dancing With a Dog we experience the rhythm of daily life on the Rio Amônea. Kowire and his wife Withawo get up early to take care of their eight children, preparing food and making handcrafts for sale. Kowire is helping his son to build a house, and after work for the day is finished there is fish and cassava root for dinner. On weekends, the Piâretsi celebration is full of with drinking, dancing and soccer. Everyone is fully at ease in the presence of the cameraman; there is plenty of joking and Kowire goes home a little drunk on caissiema beer.
=650  04$aAsháninka
=650  \4$aRural population
=650  \4$aDaily life
=650  \4$aTribal and national groups
=700  1\$aKaxinawá, Adalberto.$4aut
=700  1\$aManchieri, Jaime Liullu$4aut
=700  1\$aPianko, Isaac$4aut
=700  1\$aKaxinawá, Adalberto.$4drt
=700  1\$aManchieri, Jaime Liullu$4drt
=700  1\$aPianko, Isaac$4drt
=700  1\$aPianko, Valdete$4nrt
=773  0\$dWatertown, MA : Documentary Educational Resources (DER), 2001
=856  40$uhttp://www.aspresolver.com/aspresolver.asp?ANTH;764596$yAlexander Street Press Ethnographic Video Online
=859  \\$aORR$bAlexander Street Press
=883  0\$aLanguage codes assigned by Bayesian analysis of words present in record$d20201028$qUk$c0.9010
=985  \\$aUpgraded by BSS-generated file for WR2011-1472
=CAT  \\$aWR13_071$b00$c20130610$lBLL01$h1613
=CAT  \\$aBATCH$b00$c20130610$lBLL01$h1613
=CAT  \\$aWR16_088$c20160606$lBLL01$h1632
=CAT  \\$aW1610-0368$c20161006$lBLL01$h0938
=CAT  \\$aW1606-1753$c20171028$lBLL01$h1352
=CAT  \\$aBATCH-UPD$b00$c20171211$lBLL01$h2021
=CAT  \\$aW2011-1472$b00$c20201127$lBLL01$h1833
=FIN  \\$aY$d20130610
=LAS  \\$aW2011-1472$b00$c20201127$lBLL01$h1833

