=LDR  02317 gm a2200565uu 4500
=001  016428100
=003  Uk
=005  20201127183326.0
=008  100813s2003\\\\xx\|||\|||||||||||mleng\d
=FMT  \\$a  VM
=035  \\$aASP764866/ant1
=245  00$aIndigenous Video Makers: Kinja Iakaha, A Day in the Village
=260  \\$aWatertown, MA$bDocumentary Educational Resources (DER)$c2003
=306  \\$a40 minutes
=490  0\$aEthnographic Video Online, Volume 1
=505  00$aIn A Day in the Village, Waimiri and Atroari filmmakers document the day-to-day life of their relatives in the Cacau village, located in the Amazon region. We watch as women prepare the midday meal and do laundry in the river. Men hunt for alligators, paca and tapir in the forest as well as making handcrafts during a rainstorm.
=650  04$aWaimiri-Atroari
=650  \4$aCultural identity
=650  \4$aTribal and national groups
=650  \4$aCrafts
=650  \4$aSport fishing
=650  \4$aHunting
=650  \4$aDaily life
=700  1\$aAtoari, Sanapyty$4aut
=700  1\$aAtroari, Wame$4aut
=700  1\$aWaimiri, Araduwá.$4aut
=700  1\$aWaimiri, Iawusu$4aut
=700  1\$aWaimiri, Kabaha$4aut
=700  1\$aWaimiri, Sawa$4aut
=700  1\$aAtoari, Sanapyty$4drt
=700  1\$aAtroari, Wame$4drt
=700  1\$aWaimiri, Araduwá.$4drt
=700  1\$aWaimiri, Iawusu$4drt
=700  1\$aWaimiri, Kabaha$4drt
=700  1\$aWaimiri, Sawa$4drt
=700  1\$aAntenor$4oth
=773  0\$dWatertown, MA : Documentary Educational Resources (DER), 2003
=856  40$uhttp://www.aspresolver.com/aspresolver.asp?ANTH;764866$yAlexander Street Press Ethnographic Video Online
=859  \\$aORR$bAlexander Street Press
=883  0\$aLanguage codes assigned by Bayesian analysis of words present in record$d20201028$qUk$c0.9010
=985  \\$aUpgraded by BSS-generated file for WR2011-1472
=CAT  \\$aWR13_071$b00$c20130610$lBLL01$h1613
=CAT  \\$aBATCH$b00$c20130610$lBLL01$h1613
=CAT  \\$aWR16_088$c20160606$lBLL01$h1632
=CAT  \\$aW1610-0368$c20161006$lBLL01$h0938
=CAT  \\$aW1606-1753$c20171028$lBLL01$h1352
=CAT  \\$aBATCH-UPD$b00$c20180412$lBLL01$h2023
=CAT  \\$aW2011-1472$b00$c20201127$lBLL01$h1833
=FIN  \\$aY$d20130610
=LAS  \\$aW2011-1472$b00$c20201127$lBLL01$h1833

