=LDR  02425 gm a2200553uu 4500
=001  016428101
=003  Uk
=005  20201127183326.0
=008  100813s2001\\\\xx\|||\|||||||||||mleng\d
=FMT  \\$a  VM
=035  \\$aASP764712/ant1
=245  00$aIndigenous Video Makers: Marangmotxíngmo Mïrang - From the Ikpeng Children to the World
=246  13$aMarangmotxíngmo Mïrang: Das Crianças Ikpeng Para o Mundo
=260  \\$aWatertown, MA$bDocumentary Educational Resources (DER)$c2001
=306  \\$a35 minutes
=490  0\$aEthnographic Video Online, Volume 1
=505  00$aFour Ikpeng children introduce us to life in their village. They show their families, their toys, and their celebrations with grace and lightheartedness. We meet the characters that make up their everyday world - from baby chickens to the village chief - and we see the children helping with chores, learning to hunt, going to school and playing games.
=546  \\$aIn Portuguese, Subtitles in English
=650  04$aIkpeng, Txikao
=650  \4$aDaily life
=650  \4$aCultural change and history
=650  \4$aCultural identity
=650  \4$aIntercultural communication
=650  \4$aRural population
=650  \4$aChildren
=700  1\$aCarelli, Vincent.$4pro
=700  1\$aCarelli, Vincent.$4aut
=700  1\$aTxicão, Karané$4drt
=700  1\$aTxicão, Kumaré$4drt
=700  1\$aTxicão, Natuyu Yuwipo.$4drt
=700  1\$aEruwo$4oth
=700  1\$aKamatxi$4oth
=700  1\$aYampï$4oth
=700  1\$aYuwipó$4oth
=773  0\$dWatertown, MA : Documentary Educational Resources (DER), 2001
=856  40$uhttp://www.aspresolver.com/aspresolver.asp?ANTH;764712$yAlexander Street Press Ethnographic Video Online
=859  \\$aORR$bAlexander Street Press
=883  0\$aLanguage codes assigned by Bayesian analysis of words present in record$d20201028$qUk$c0.9010
=985  \\$aUpgraded by BSS-generated file for WR2011-1472
=CAT  \\$aWR13_071$b00$c20130610$lBLL01$h1613
=CAT  \\$aBATCH$b00$c20130610$lBLL01$h1613
=CAT  \\$aBATCH-UPD$b00$c20130610$lBLL01$h1622
=CAT  \\$aWR16_088$c20160606$lBLL01$h1632
=CAT  \\$aBATCH-UPD$b00$c20160606$lBLL01$h1634
=CAT  \\$aW1610-0368$c20161006$lBLL01$h0938
=CAT  \\$aW1606-1753$c20171028$lBLL01$h1352
=CAT  \\$aW2011-1472$b00$c20201127$lBLL01$h1833
=FIN  \\$aY$d20130610
=LAS  \\$aW2011-1472$b00$c20201127$lBLL01$h1833

