=LDR  02182 gm a2200553uu 4500
=001  016428102
=003  Uk
=005  20201127183326.0
=008  100813s2003\\\\xx\|||\|||||||||||mleng\d
=FMT  \\$a  VM
=035  \\$aASP764962/ant1
=245  00$aIndigenous Video Makers: Moyngo, the Dream of Maragareum
=260  \\$aWatertown, MA$bDocumentary Educational Resources (DER)$c2003
=306  \\$a44 minutes
=490  0\$aEthnographic Video Online, Volume 1
=505  00$aThe Ikpeng community acts out the myth of the origin of their tattooing ceremony. The mythical hero and shaman Maragareum dreams about a disaster in his friend Eptxum's village.
=546  \\$aIn Portuguese
=650  04$aIkpeng, Txikao
=650  \4$aTraditional history
=650  \4$aShamanism
=650  \4$aCultural identity
=650  \4$aTribal and national groups
=650  \4$aReligious rites and ceremonies
=650  \4$aMyths and legends
=700  1\$aCarelli, Vincent.$4pro
=700  1\$aTxicão, Karané$4aut
=700  1\$aTxicão, Kumaré$4aut
=700  1\$aTxicão, Natuyu Yuwipo.$4aut
=700  1\$aTxicão, Karané$4drt
=700  1\$aTxicão, Kumaré$4drt
=700  1\$aTxicão, Natuyu Yuwipo.$4drt
=700  1\$aMelobo$4oth
=700  1\$aOiope$4oth
=700  1\$aYawulu$4oth
=773  0\$dWatertown, MA : Documentary Educational Resources (DER), 2003
=856  40$uhttp://www.aspresolver.com/aspresolver.asp?ANTH;764962$yAlexander Street Press Ethnographic Video Online
=859  \\$aORR$bAlexander Street Press
=883  0\$aLanguage codes assigned by Bayesian analysis of words present in record$d20201028$qUk$c0.9010
=985  \\$aUpgraded by BSS-generated file for WR2011-1472
=CAT  \\$aWR13_071$b00$c20130610$lBLL01$h1613
=CAT  \\$aBATCH$b00$c20130610$lBLL01$h1613
=CAT  \\$aBATCH-UPD$b00$c20130610$lBLL01$h1622
=CAT  \\$aWR16_088$c20160606$lBLL01$h1632
=CAT  \\$aBATCH-UPD$b00$c20160606$lBLL01$h1634
=CAT  \\$aW1610-0368$c20161006$lBLL01$h0938
=CAT  \\$aW1606-1753$c20171028$lBLL01$h1352
=CAT  \\$aW2011-1472$b00$c20201127$lBLL01$h1833
=FIN  \\$aY$d20130610
=LAS  \\$aW2011-1472$b00$c20201127$lBLL01$h1833

