=LDR  02045 gm a2200505uu 4500
=001  016428103
=003  Uk
=005  20201127183326.0
=008  100813s2004\\\\xx\|||\|||||||||||mleng\d
=FMT  \\$a  VM
=035  \\$aASP764998/ant1
=245  00$aIndigenous Video Makers: Nguné Elü, The Day the Moon Menstruated
=260  \\$aWatertown, MA$bDocumentary Educational Resources (DER)$c2004
=306  \\$a28 minutes
=490  0\$aEthnographic Video Online, Volume 1
=505  00$aDuring a video workshop in the Kuikuro village in the Upper Xingu, a lunar eclipse takes place, bringing mysterious consequences. Everything is turned upside-down as the male moon menstruates.
=546  \\$aIn Kuikuro, Subtitles in English
=650  04$aKuikuro
=650  \4$aGender
=650  \4$aReligious beliefs
=650  \4$aCultural identity
=650  \4$aTribal and national groups
=650  \4$aEclipses
=650  \4$aShamanism
=650  \4$aMyths and legends
=700  1\$aCarelli, Vincent.$4pro
=700  1\$aKuikuro, Maricá.$4aut
=700  1\$aKuikuro, Takumã.$4aut
=700  1\$aKuikuro, Maricá.$4drt
=700  1\$aKuikuro, Takumã.$4drt
=773  0\$dWatertown, MA : Documentary Educational Resources (DER), 2004
=856  40$uhttp://www.aspresolver.com/aspresolver.asp?ANTH;764998$yAlexander Street Press Ethnographic Video Online
=859  \\$aORR$bAlexander Street Press
=883  0\$aLanguage codes assigned by Bayesian analysis of words present in record$d20201028$qUk$c0.9010
=985  \\$aUpgraded by BSS-generated file for WR2011-1472
=CAT  \\$aWR13_071$b00$c20130610$lBLL01$h1613
=CAT  \\$aBATCH$b00$c20130610$lBLL01$h1613
=CAT  \\$aBATCH-UPD$b00$c20130610$lBLL01$h1617
=CAT  \\$aWR16_088$c20160606$lBLL01$h1632
=CAT  \\$aBATCH-UPD$b00$c20160606$lBLL01$h1634
=CAT  \\$aW1610-0368$c20161006$lBLL01$h0938
=CAT  \\$aW1606-1753$c20171028$lBLL01$h1352
=CAT  \\$aW2011-1472$b00$c20201127$lBLL01$h1833
=FIN  \\$aY$d20130610
=LAS  \\$aW2011-1472$b00$c20201127$lBLL01$h1833

