=LDR  01780 gm a2200433uu 4500
=001  016428105
=003  Uk
=005  20201127183326.0
=008  100813s2001\\\\xx\|||\|||||||||||mleng\d
=FMT  \\$a  VM
=035  \\$aASP765242/ant1
=245  00$aIndigenous Video Makers: Shomõtsi
=260  \\$aWatertown, MA$bDocumentary Educational Resources (DER)$c2001
=306  \\$a42 minutes
=490  0\$aEthnographic Video Online, Volume 1
=505  00$aShomõtsi is a witty and engaging Ashaninka Indian, a father who has raised his children alone. A neighbor and friend of the filmmaker, he discusses the Ashaninka uses of anatto dye, cassava and of Coca.
=650  04$aAsháninka
=650  \4$aFathers
=650  \4$aDaily life
=650  \4$aCultural identity
=650  \4$aTribal and national groups
=700  1\$aPianko, Valdete$4aut
=700  1\$aPianko, Valdete$4drt
=700  0\$aShomõtsi.$4oth
=700  1\$aPianko, Valdete$4nrt
=773  0\$dWatertown, MA : Documentary Educational Resources (DER), 2001
=856  40$uhttp://www.aspresolver.com/aspresolver.asp?ANTH;765242$yAlexander Street Press Ethnographic Video Online
=859  \\$aORR$bAlexander Street Press
=883  0\$aLanguage codes assigned by Bayesian analysis of words present in record$d20201028$qUk$c0.9010
=985  \\$aUpgraded by BSS-generated file for WR2011-1472
=CAT  \\$aWR13_071$b00$c20130610$lBLL01$h1613
=CAT  \\$aBATCH$b00$c20130610$lBLL01$h1613
=CAT  \\$aBATCH-UPD$b00$c20140601$lBLL01$h2038
=CAT  \\$aWR16_088$c20160606$lBLL01$h1632
=CAT  \\$aW1610-0368$c20161006$lBLL01$h0938
=CAT  \\$aW1606-1753$c20171028$lBLL01$h1352
=CAT  \\$aW2011-1472$b00$c20201127$lBLL01$h1833
=FIN  \\$aY$d20130610
=LAS  \\$aW2011-1472$b00$c20201127$lBLL01$h1833

