=LDR  01971 gm a2200469uu 4500
=001  016428106
=003  Uk
=005  20201127183326.0
=008  100813s2004\\\\xx\|||\|||||||||||mleng\d
=FMT  \\$a  VM
=035  \\$aASP765400/ant1
=245  00$aIndigenous Video Makers: The Living Forest
=260  \\$aWatertown, MA$bDocumentary Educational Resources (DER)$c2004
=306  \\$a12 minutes
=490  0\$aEthnographic Video Online, Volume 1
=505  00$aLiving Forest explains the food forest system in use in an area near the river Amônia; a consortium in which everyone participates to provide better food for the entire community. Using forest management, the Ashaninka Indians turn degraded land into a place for communal cultivation.
=546  \\$aIn Portuguese, Subtitles in English
=650  04$aAsháninka
=650  \4$aEthnobotany
=650  \4$aForests
=650  \4$aCultural identity
=650  \4$aTribal and national groups
=650  \4$aAgriculture
=650  \4$aEnvironment
=650  \4$aCommunities
=700  1\$aCarelli, Vincent.$4pro
=700  1\$aPianco, Benki$4aut
=700  1\$aPianco, Benki$4drt
=773  0\$dWatertown, MA : Documentary Educational Resources (DER), 2004
=856  40$uhttp://www.aspresolver.com/aspresolver.asp?ANTH;765400$yAlexander Street Press Ethnographic Video Online
=859  \\$aORR$bAlexander Street Press
=883  0\$aLanguage codes assigned by Bayesian analysis of words present in record$d20201028$qUk$c0.9010
=985  \\$aUpgraded by BSS-generated file for WR2011-1472
=CAT  \\$aWR13_071$b00$c20130610$lBLL01$h1613
=CAT  \\$aBATCH$b00$c20130610$lBLL01$h1613
=CAT  \\$aWR16_088$c20160606$lBLL01$h1632
=CAT  \\$aBATCH-UPD$b00$c20160606$lBLL01$h1634
=CAT  \\$aW1610-0368$c20161006$lBLL01$h0938
=CAT  \\$aW1606-1753$c20171028$lBLL01$h1352
=CAT  \\$aW2011-1472$b00$c20201127$lBLL01$h1833
=FIN  \\$aY$d20130610
=LAS  \\$aW2011-1472$b00$c20201127$lBLL01$h1833

