=LDR  02475 gm a2200613uu 4500
=001  016428107
=003  Uk
=005  20201127183326.0
=008  100813s2000\\\\xx\|||\|||||||||||mleng\d
=FMT  \\$a  VM
=035  \\$aASP765436/ant1
=245  00$aIndigenous Video Makers: The Rainy Season
=260  \\$aWatertown, MA$bDocumentary Educational Resources (DER)$c2000
=306  \\$a38 minutes
=490  0\$aEthnographic Video Online, Volume 1
=505  00$aStudents in a workshop on the Amônia River in the Brazilian state of Acre make a video chronicle of their community. In the rainy season, the Ashaninka have no planting to do, and the flooded river restricts access to certain gardens. Hunting and fishing are more difficult, but there is still plenty of work.
=546  \\$aIn Portuguese, Subtitles in English
=650  04$aAsháninka
=650  \4$aSeasons
=650  \4$aAgriculture
=650  \4$aEnvironment
=650  \4$aTribal and national groups
=650  \4$aDaily life
=650  \4$aCultural identity
=650  \4$aRural population
=700  1\$aCarelli, Vincent.$4pro
=700  1\$aAshaninka, Tsirotsi$4aut
=700  1\$aKanamari, André$4aut
=700  1\$aKatukina, Fernando$4aut
=700  1\$aKaxinawa, Maru$4aut
=700  1\$aManchieri, Jaime Liullu$4aut
=700  1\$aPianko, Isaac$4aut
=700  1\$aPianko, Valdete$4aut
=700  1\$aAshaninka, Tsirotsi$4drt
=700  1\$aKanamari, André$4drt
=700  1\$aKatukina, Fernando$4drt
=700  1\$aKaxinawa, Maru$4drt
=700  1\$aManchieri, Jaime Liullu$4drt
=700  1\$aPianko, Isaac$4drt
=700  1\$aPianko, Valdete$4drt
=773  0\$dWatertown, MA : Documentary Educational Resources (DER), 2000
=856  40$uhttp://www.aspresolver.com/aspresolver.asp?ANTH;765436$yAlexander Street Press Ethnographic Video Online
=859  \\$aORR$bAlexander Street Press
=883  0\$aLanguage codes assigned by Bayesian analysis of words present in record$d20201028$qUk$c0.9010
=985  \\$aUpgraded by BSS-generated file for WR2011-1472
=CAT  \\$aWR13_071$b00$c20130610$lBLL01$h1613
=CAT  \\$aBATCH$b00$c20130610$lBLL01$h1613
=CAT  \\$aWR16_088$c20160606$lBLL01$h1632
=CAT  \\$aBATCH-UPD$b00$c20160606$lBLL01$h1634
=CAT  \\$aW1610-0368$c20161006$lBLL01$h0938
=CAT  \\$aW1606-1753$c20171028$lBLL01$h1352
=CAT  \\$aW2011-1472$b00$c20201127$lBLL01$h1833
=FIN  \\$aY$d20130610
=LAS  \\$aW2011-1472$b00$c20201127$lBLL01$h1833

