=LDR  01803 gm a2200421uu 4500
=001  016428108
=003  Uk
=005  20201127183326.0
=008  100813s2004\\\\xx\|||\|||||||||||mleng\d
=FMT  \\$a  VM
=035  \\$aASP765520/ant1
=245  00$aIndigenous Video Makers: Trainees for the Future
=260  \\$aWatertown, MA$bDocumentary Educational Resources (DER)$c2004
=306  \\$a13 minutes
=490  0\$aEthnographic Video Online, Volume 1
=505  00$aTrainees for the Future features Ashanika strategies for forest management. The Apintxa village has been planting fruit and timber trees since 1989, and now the young children of the village are participating in the recuperation of degraded soil.
=546  \\$aIn English, Subtitles in English
=650  04$aAsháninka
=650  \4$aEnvironment
=650  \4$aForests
=650  \4$aCultural change and history
=650  \4$aTribal and national groups
=700  1\$aPianco, Benki$4aut
=700  1\$aPianco, Benki$4drt
=700  1\$aPianco, Benki$4oth
=773  0\$dWatertown, MA : Documentary Educational Resources (DER), 2004
=856  40$uhttp://www.aspresolver.com/aspresolver.asp?ANTH;765520$yAlexander Street Press Ethnographic Video Online
=859  \\$aORR$bAlexander Street Press
=883  0\$aLanguage codes assigned by Bayesian analysis of words present in record$d20201028$qUk$c0.9010
=985  \\$aUpgraded by BSS-generated file for WR2011-1472
=CAT  \\$aWR13_071$b00$c20130610$lBLL01$h1613
=CAT  \\$aBATCH$b00$c20130610$lBLL01$h1613
=CAT  \\$aWR16_088$c20160606$lBLL01$h1632
=CAT  \\$aW1610-0368$c20161006$lBLL01$h0938
=CAT  \\$aW1606-1753$c20171028$lBLL01$h1352
=CAT  \\$aW2011-1472$b00$c20201127$lBLL01$h1833
=FIN  \\$aY$d20130610
=LAS  \\$aW2011-1472$b00$c20201127$lBLL01$h1833

