=LDR  01998 gm a2200457uu 4500
=001  016428109
=003  Uk
=005  20201127183326.0
=008  100813s2001\\\\xx\|||\|||||||||||mleng\d
=FMT  \\$a  VM
=035  \\$aASP765562/ant1
=245  00$aIndigenous Video Makers: Wai'á Rini, The Power of the Dream
=260  \\$aWatertown, MA$bDocumentary Educational Resources (DER)$c2001
=306  \\$a65 minutes
=490  0\$aEthnographic Video Online, Volume 1
=505  00$aIn the Wai'á ceremony, young Xavante men undergo suffering as an initiation into spiritual life and a way to make contact with supernatural forces. The boys are divided into groups, and under the supervision of past initiates they perform weeks of physical trials in the hot sun.
=546  \\$aIn English, Subtitles in English
=650  04$aXavante
=650  \4$aMen
=650  \4$aAge identity
=650  \4$aReligious rites and ceremonies
=650  \4$aCultural identity
=650  \4$aTribal and national groups
=700  1\$aTserewahu, Divino.$4aut
=700  1\$aTserewahu, Divino.$4drt
=700  1\$aTsereptse, Alexandre$4oth
=700  1\$aTsererób'ō, Celestino$4oth
=773  0\$dWatertown, MA : Documentary Educational Resources (DER), 2001
=856  40$uhttp://www.aspresolver.com/aspresolver.asp?ANTH;765562$yAlexander Street Press Ethnographic Video Online
=859  \\$aORR$bAlexander Street Press
=883  0\$aLanguage codes assigned by Bayesian analysis of words present in record$d20201028$qUk$c0.9010
=985  \\$aUpgraded by BSS-generated file for WR2011-1472
=CAT  \\$aWR13_071$b00$c20130610$lBLL01$h1613
=CAT  \\$aBATCH$b00$c20130610$lBLL01$h1613
=CAT  \\$aWR16_088$c20160606$lBLL01$h1632
=CAT  \\$aBATCH-UPD$b00$c20160606$lBLL01$h1634
=CAT  \\$aW1610-0368$c20161006$lBLL01$h0938
=CAT  \\$aW1606-1753$c20171028$lBLL01$h1352
=CAT  \\$aW2011-1472$b00$c20201127$lBLL01$h1833
=FIN  \\$aY$d20130610
=LAS  \\$aW2011-1472$b00$c20201127$lBLL01$h1833

