=LDR  02257 gm a2200529uu 4500
=001  016428110
=003  Uk
=005  20201127183326.0
=008  100813s1999\\\\xx\|||\|||||||||||mleng\d
=FMT  \\$a  VM
=035  \\$aASP765570/ant1
=245  00$aIndigenous Video Makers: Wapté Mnhõnõ, The Xavante's Initiation
=260  \\$aWatertown, MA$bDocumentary Educational Resources (DER)$c1999
=306  \\$a76 minutes
=490  0\$aEthnographic Video Online, Volume 1
=505  00$aA team of Xavante filmmakers has collaborated to realize this visual archive of the complex Wapté Mnhõnõ ceremony. Taking place over several months with much elaborate rehearsal and preparation, the ceremony involves the participation of several different groups of boys and men in the roles of initiates, godparents and rivals.
=650  04$aXavante
=650  \4$aCultural identity
=650  \4$aTribal and national groups
=650  \4$aSocial dances
=650  \4$aBody piercings
=650  \4$aSocietal roles
=650  \4$aAdolescents
=650  \4$aReligious rites and ceremonies
=700  1\$aProdoti, Jorge$4aut
=700  1\$aTserewahu, Divino.$4aut
=700  1\$aWaiasse, Caime$4aut
=700  1\$aSuya, Winti.$4aut
=700  1\$aProdoti, Jorge$4drt
=700  1\$aTserewahu, Divino.$4drt
=700  1\$aWaiasse, Caime$4drt
=700  1\$aSuya, Winti.$4drt
=773  0\$dWatertown, MA : Documentary Educational Resources (DER), 1999
=856  40$uhttp://www.aspresolver.com/aspresolver.asp?ANTH;765570$yAlexander Street Press Ethnographic Video Online
=859  \\$aORR$bAlexander Street Press
=883  0\$aLanguage codes assigned by Bayesian analysis of words present in record$d20201028$qUk$c0.9010
=985  \\$aUpgraded by BSS-generated file for WR2011-1472
=CAT  \\$aWR13_071$b00$c20130610$lBLL01$h1613
=CAT  \\$aBATCH$b00$c20130610$lBLL01$h1613
=CAT  \\$aBATCH-UPD$b00$c20141127$lBLL01$h2021
=CAT  \\$aWR16_088$c20160606$lBLL01$h1632
=CAT  \\$aBATCH-UPD$b00$c20160606$lBLL01$h1634
=CAT  \\$aW1610-0368$c20161006$lBLL01$h0938
=CAT  \\$aW1606-1753$c20171028$lBLL01$h1352
=CAT  \\$aW2011-1472$b00$c20201127$lBLL01$h1833
=FIN  \\$aY$d20130610
=LAS  \\$aW2011-1472$b00$c20201127$lBLL01$h1833

