=LDR  01964 gm a2200493uu 4500
=001  016428111
=003  Uk
=005  20201127183326.0
=008  100813s1973\\\\xx\|||\|||||||||||mleng\d
=FMT  \\$a  VM
=035  \\$aASP765384/ant1
=245  00$aThe Informant
=260  \\$aWatertown, MA$bDocumentary Educational Resources (DER)$c1973
=306  \\$a24 minutes
=490  0\$aEthnographic Video Online, Volume 1
=505  00$aThis film focuses on a black burglary suspect who, during interrogation by police offers his services as an "undercover" informant - providing the police will suppress his charge.
=546  \\$aIn English
=650  04$aAfrican American
=650  04$aAmerican
=650  \4$aCrime
=650  \4$aPolice forces
=650  \4$aPolice inquiries
=700  1\$aCarr, Carolyn.$4pro
=700  1\$aMarshall, John,$d1932-2005$4pro
=700  1\$aMarshall, John,$d1932-2005$4aut
=700  1\$aMarshall, John,$d1932-2005$4drt
=700  0\$aTony.$4oth
=773  0\$dWatertown, MA : Documentary Educational Resources (DER), 1973
=856  40$uhttp://www.aspresolver.com/aspresolver.asp?ANTH;765384$yAlexander Street Press Ethnographic Video Online
=859  \\$aORR$bAlexander Street Press
=883  0\$aLanguage codes assigned by Bayesian analysis of words present in record$d20201028$qUk$c0.9010
=985  \\$aUpgraded by BSS-generated file for WR2011-1472
=CAT  \\$aWR13_071$b00$c20130610$lBLL01$h1613
=CAT  \\$aBATCH$b00$c20130610$lBLL01$h1613
=CAT  \\$aBATCH-UPD$b00$c20130610$lBLL01$h1617
=CAT  \\$aBATCH-UPD$b00$c20141220$lBLL01$h1508
=CAT  \\$a7416$b40$c20150203$lBLL01$h1147
=CAT  \\$aBATCH-UPD$b40$c20150203$lBLL01$h1147
=CAT  \\$aWR16_088$c20160606$lBLL01$h1632
=CAT  \\$aW1610-0368$c20161006$lBLL01$h0938
=CAT  \\$aW1606-1753$c20171028$lBLL01$h1352
=CAT  \\$aW2011-1472$b00$c20201127$lBLL01$h1833
=FIN  \\$aY$d20130610
=LAS  \\$aW2011-1472$b00$c20201127$lBLL01$h1833

