=LDR  01712 gm a2200505uu 4500
=001  016428112
=003  Uk
=005  20201127183326.0
=008  100813s1998\\\\xx\|||\|||||||||||mleng\d
=FMT  \\$a  VM
=035  \\$aASP1659349/ant1
=245  00$aInside Afghanistan
=260  \\$aRochester, NY$bEthnoscope$c1998
=306  \\$a56 minutes
=490  0\$aEthnographic Video Online, Volume 1
=505  00$aIn English
=650  04$aAfghan
=650  \4$aEducation
=650  \4$aMilitary training
=650  \4$aNational government
=650  \4$aRevolutions
=650  \4$aCustoms
=650  \4$aCivilian war casualties
=650  \4$aCivil wars
=650  \4$aCultural assimilation
=650  \4$aCultural identity
=700  1\$aLane, Bruce.$4pro
=700  1\$aLane, Bruce.$4aut
=700  1\$aLane, Bruce.$4drt
=700  1\$aSteffa, Tim.$4nrt
=773  0\$dRochester, NY : Ethnoscope, 1998
=856  40$uhttp://www.aspresolver.com/aspresolver.asp?ANTH;1659349$yAlexander Street Press Ethnographic Video Online
=859  \\$aORR$bAlexander Street Press
=883  0\$aLanguage codes assigned by Bayesian analysis of words present in record$d20201028$qUk$c0.9010
=985  \\$aUpgraded by BSS-generated file for WR2011-1472
=CAT  \\$aWR13_071$b00$c20130610$lBLL01$h1613
=CAT  \\$aBATCH$b00$c20130610$lBLL01$h1613
=CAT  \\$aBATCH-UPD$b00$c20141221$lBLL01$h1553
=CAT  \\$aWR16_088$c20160606$lBLL01$h1632
=CAT  \\$aBATCH-UPD$b00$c20160606$lBLL01$h1634
=CAT  \\$aW1610-0368$c20161006$lBLL01$h0938
=CAT  \\$aW1606-1753$c20171028$lBLL01$h1352
=CAT  \\$aW2011-1472$b00$c20201127$lBLL01$h1833
=FIN  \\$aY$d20130610
=LAS  \\$aW2011-1472$b00$c20201127$lBLL01$h1833

