=LDR  02000 gm a2200493uu 4500
=001  016428113
=003  Uk
=005  20201127183326.0
=008  100813s1990\\\\xx\|||\|||||||||||mleng\d
=FMT  \\$a  VM
=035  \\$aASP764808/ant1
=245  00$aInside the Khmer Rouge
=260  \\$aWatertown, MA$bDocumentary Educational Resources (DER)$c1990
=306  \\$a45 minutes
=490  0\$aEthnographic Video Online, Volume 1
=505  00$aInside the Khmer Rouge takes an in-depth look at the history, domination, and current status of the Khmer Rouge (a Communist regime) in Cambodia. The film features revealing interviews with soldiers of both the modern Khmer Rouge and those who fight in opposition.
=546  \\$aIn English
=650  04$aCambodian
=650  \4$aWar
=650  \4$aViolence
=650  \4$aCultural change and history
=650  \4$aCultural identity
=650  \4$aSocial conflict
=650  \4$aPolitics
=650  \4$aMartial law
=700  1\$aFeingold, David, Ph. D.$4pro
=700  1\$aFeingold, David, Ph. D.$4aut
=700  1\$aRobertson, Shari.$4aut
=700  1\$aFeingold, David, Ph. D.$4drt
=700  1\$aTibenham, Philip$4nrt
=773  0\$dWatertown, MA : Documentary Educational Resources (DER), 1990
=856  40$uhttp://www.aspresolver.com/aspresolver.asp?ANTH;764808$yAlexander Street Press Ethnographic Video Online
=859  \\$aORR$bAlexander Street Press
=883  0\$aLanguage codes assigned by Bayesian analysis of words present in record$d20201028$qUk$c0.9010
=985  \\$aUpgraded by BSS-generated file for WR2011-1472
=CAT  \\$aWR13_071$b00$c20130610$lBLL01$h1613
=CAT  \\$aBATCH$b00$c20130610$lBLL01$h1613
=CAT  \\$aWR16_088$c20160606$lBLL01$h1632
=CAT  \\$aBATCH-UPD$b00$c20160606$lBLL01$h1634
=CAT  \\$aW1610-0368$c20161006$lBLL01$h0938
=CAT  \\$aW1606-1753$c20171028$lBLL01$h1352
=CAT  \\$aW2011-1472$b00$c20201127$lBLL01$h1833
=FIN  \\$aY$d20130610
=LAS  \\$aW2011-1472$b00$c20201127$lBLL01$h1833

