=LDR  02001 gm a2200445uu 4500
=001  016428116
=003  Uk
=005  20201127183326.0
=008  100813s2006\\\\xx\|||\|||||||||||mleng\d
=FMT  \\$a  VM
=035  \\$aASP764812/ant1
=245  00$aInto the Field
=260  \\$aWatertown, MA$bDocumentary Educational Resources (DER)$c2006
=306  \\$a28 minutes
=490  0\$aEthnographic Video Online, Volume 1
=505  00$aRecorded in 2005
=520  3\$aThis film examines the everyday secular lives of nuns residing in the Romanian Orthodox monastery of Varatec. The majority of the 450 members of this monastery live as small groups in private houses, much like regular villagers, rather than inside the walls of the communal abbey. Throughout the year, they integrate their duties at home with their religious responsibilities to their community and to the church.
=546  \\$aIn Romanian, Subtitles in English
=650  04$aRomanian
=650  \4$aMonasteries
=650  \4$aDomestic chores
=650  \4$aNuns
=650  \4$aDaily life
=700  1\$aGrossman, Alyssa.$4pro
=700  1\$aGrossman, Alyssa.$4aut
=700  1\$aGrossman, Alyssa.$4drt
=773  0\$dWatertown, MA : Documentary Educational Resources (DER), 2006
=856  40$uhttp://www.aspresolver.com/aspresolver.asp?ANTH;764812$yAlexander Street Press Ethnographic Video Online
=859  \\$aORR$bAlexander Street Press
=883  0\$aLanguage codes assigned by Bayesian analysis of words present in record$d20201028$qUk$c0.9010
=985  \\$aUpgraded by BSS-generated file for WR2011-1472
=CAT  \\$aWR13_071$b00$c20130610$lBLL01$h1613
=CAT  \\$aBATCH$b00$c20130610$lBLL01$h1613
=CAT  \\$aWR16_088$c20160606$lBLL01$h1632
=CAT  \\$aBATCH-UPD$b00$c20160606$lBLL01$h1634
=CAT  \\$aW1610-0368$c20161006$lBLL01$h0938
=CAT  \\$aW1606-1753$c20171028$lBLL01$h1352
=CAT  \\$aW2011-1472$b00$c20201127$lBLL01$h1833
=FIN  \\$aY$d20130610
=LAS  \\$aW2011-1472$b00$c20201127$lBLL01$h1833

