=LDR  01785 gm a2200457uu 4500
=001  016428117
=003  Uk
=005  20201127183326.0
=008  100813s1987\\\\xx\|||\|||||||||||mleng\d
=FMT  \\$a  VM
=035  \\$aASP765026/ant1
=245  00$aInto the Great Solitude
=260  \\$aWatertown, MA$bDocumentary Educational Resources (DER)$c1987
=306  \\$a56 minutes
=490  0\$aEthnographic Video Online, Volume 1
=505  00$aBattling rapids and black flies, while dancing with his own demons and his shadow, Robert Perkins explores what it means to survive in the stark beauty of the Canadian tundra.
=546  \\$aIn English
=650  \4$aIntrospection
=650  \4$aNature
=650  \4$aArctic circle
=650  \4$aTravel
=650  \4$aBoat trips
=650  \4$aCanoes and kayaks
=700  1\$aPerkins, Robert.$4pro
=700  1\$aPerkins, Robert.$4aut
=700  1\$aPerkins, Robert.$4drt
=700  1\$aPerkins, Robert.$4oth
=773  0\$dWatertown, MA : Documentary Educational Resources (DER), 1987
=856  40$uhttp://www.aspresolver.com/aspresolver.asp?ANTH;765026$yAlexander Street Press Ethnographic Video Online
=859  \\$aORR$bAlexander Street Press
=883  0\$aLanguage codes assigned by Bayesian analysis of words present in record$d20201028$qUk$c0.9010
=985  \\$aUpgraded by BSS-generated file for WR2011-1472
=CAT  \\$aWR13_071$b00$c20130610$lBLL01$h1613
=CAT  \\$aBATCH$b00$c20130610$lBLL01$h1613
=CAT  \\$aWR16_088$c20160606$lBLL01$h1632
=CAT  \\$aBATCH-UPD$b00$c20160606$lBLL01$h1634
=CAT  \\$aW1610-0368$c20161006$lBLL01$h0938
=CAT  \\$aW1606-1753$c20171028$lBLL01$h1352
=CAT  \\$aW2011-1472$b00$c20201127$lBLL01$h1833
=FIN  \\$aY$d20130610
=LAS  \\$aW2011-1472$b00$c20201127$lBLL01$h1833

