=LDR  01860 gm a2200421uu 4500
=001  016428118
=003  Uk
=005  20201127183326.0
=008  100813s2006\\\\xx\|||\|||||||||||mleng\d
=FMT  \\$a  VM
=035  \\$aASP764814/ant1
=245  00$aIntroduction to the Primates
=260  \\$aWatertown, MA$bDocumentary Educational Resources (DER)$c2006
=306  \\$a49 minutes
=490  0\$aEthnographic Video Online, Volume 1
=505  00$aAn Introduction To The Primates, covers 41 species of primates ranging from the 300 gram sized pygmy slow loris to the 200 kilogram sized gorilla. At least ten of these are extremely endangered species including the Zanzibar red colobus, filmed in Zanzibar, and the potto, aye-aye, and Drill, all of which occur in less than half a dozen sites in captivity.
=546  \\$aIn English
=650  \4$aAnthropology
=650  \4$aPrimates
=650  \4$aZoology
=650  \4$aBiology
=700  1\$aZeller, Anne.$4aut
=700  1\$aZeller, Anne.$4drt
=700  1\$aZeller, Anne.$4nrt
=773  0\$dWatertown, MA : Documentary Educational Resources (DER), 2006
=856  40$uhttp://www.aspresolver.com/aspresolver.asp?ANTH;764814$yAlexander Street Press Ethnographic Video Online
=859  \\$aORR$bAlexander Street Press
=883  0\$aLanguage codes assigned by Bayesian analysis of words present in record$d20201028$qUk$c0.9010
=985  \\$aUpgraded by BSS-generated file for WR2011-1472
=CAT  \\$aWR13_071$b00$c20130610$lBLL01$h1613
=CAT  \\$aBATCH$b00$c20130610$lBLL01$h1613
=CAT  \\$aWR16_088$c20160606$lBLL01$h1632
=CAT  \\$aBATCH-UPD$b00$c20160606$lBLL01$h1634
=CAT  \\$aW1610-0368$c20161006$lBLL01$h0938
=CAT  \\$aW1606-1753$c20171028$lBLL01$h1352
=CAT  \\$aW2011-1472$b00$c20201127$lBLL01$h1833
=FIN  \\$aY$d20130610
=LAS  \\$aW2011-1472$b00$c20201127$lBLL01$h1833

