=LDR  02031 gm a2200433uu 4500
=001  016428119
=003  Uk
=005  20201127183326.0
=008  100813s9999\\\\xx\|||\|||||||||||mleng\d
=FMT  \\$a  VM
=035  \\$aASP1779535/ant1
=245  00$aAn Introduction to Tokelau Weaving
=260  \\$aNew Zealand$bHandmade Productions
=306  \\$a139 minutes
=490  0\$aEthnographic Video Online, Volume 1
=505  00$aRecorded in 2009
=520  3\$aThis film tells the story of the traditional art of Nukunonu weaving in the lives of the Tokelau community in Wellington, New Zealand. The Nukunonu women of Wellington describe the process, preparations and practice of weaving as it was conducted by their Grandmothers, Mothers and how they continue these practices in their new lives in New Zealand. The stories and traditions of Tokelau weaving are interwoven with Tokelau song and dance, and presented by Kalameli Teinawho Ihaia Alewhohio.
=546  \\$aIn Tokelauan, Subtitles in English
=650  04$aTokelauan
=650  \4$aSocial dances
=650  \4$aWeaving
=650  \4$aTribal and national groups
=650  \4$aCultural identity
=700  1\$aWolffram, Paul.$4pro
=700  1\$aWolffram, Paul.$4drt
=773  0\$dNew Zealand : Handmade Productions
=856  40$uhttp://www.aspresolver.com/aspresolver.asp?ANTH;1779535$yAlexander Street Press Ethnographic Video Online
=859  \\$aORR$bAlexander Street Press
=883  0\$aLanguage codes assigned by Bayesian analysis of words present in record$d20201028$qUk$c0.9010
=985  \\$aUpgraded by BSS-generated file for WR2011-1472
=CAT  \\$aWR13_071$b00$c20130610$lBLL01$h1613
=CAT  \\$aBATCH$b00$c20130610$lBLL01$h1613
=CAT  \\$aWR16_088$c20160606$lBLL01$h1632
=CAT  \\$aBATCH-UPD$b00$c20160606$lBLL01$h1634
=CAT  \\$aW1610-0368$c20161006$lBLL01$h0938
=CAT  \\$aW1606-1753$c20171028$lBLL01$h1352
=CAT  \\$aW2011-1472$b00$c20201127$lBLL01$h1833
=FIN  \\$aY$d20130610
=LAS  \\$aW2011-1472$b00$c20201127$lBLL01$h1833

