=LDR  02328 gm a2200505uu 4500
=001  016428121
=003  Uk
=005  20201127183326.0
=008  100813s1999\\\\xx\|||\|||||||||||mleng\d
=FMT  \\$a  VM
=035  \\$aASP764818/ant1
=245  00$aIrma Cáceres: The Goddess of Truth
=260  \\$aWatertown, MA$bDocumentary Educational Resources (DER)$c1999
=306  \\$a22 minutes
=490  0\$aEthnographic Video Online, Volume 1
=505  00$aTeenage years are fraught with problems, tension and uncontrollable emotions. For an adolescent to also be an immigrant- in other words an outsider- the problem is even more complex. Yet, there are very few resources at hand to help teachers and school administrators deal with this issue in the classroom. This video provides a vehicle for engaging students in classroom discussions about what it means to be "different" and shows us the unique contributions that can be made by everyone when given the opportunity.
=546  \\$aIn English, Spanish, Subtitles in English
=650  04$aHonduran
=650  \4$aDevelopmental disorders
=650  \4$aSpecialty education
=650  \4$aFilmmaking
=650  \4$aEducation
=650  \4$aFirst generation immigrant populations
=650  \4$aAdolescence
=700  1\$aCrinière, Julie$4pro
=700  1\$aLu, Chih-Lan$4pro
=700  1\$aCrinière, Julie$4aut
=700  1\$aLu, Chih-Lan$4aut
=700  1\$aCrinière, Julie$4drt
=700  1\$aCáceres, Irma$4drt
=700  1\$aLu, Chih-Lan$4drt
=700  1\$aCáceres, Irma$4oth
=773  0\$dWatertown, MA : Documentary Educational Resources (DER), 1999
=856  40$uhttp://www.aspresolver.com/aspresolver.asp?ANTH;764818$yAlexander Street Press Ethnographic Video Online
=859  \\$aORR$bAlexander Street Press
=883  0\$aLanguage codes assigned by Bayesian analysis of words present in record$d20201028$qUk$c0.9010
=985  \\$aUpgraded by BSS-generated file for WR2011-1472
=CAT  \\$aWR13_071$b00$c20130610$lBLL01$h1613
=CAT  \\$aBATCH$b00$c20130610$lBLL01$h1613
=CAT  \\$aWR16_088$c20160606$lBLL01$h1632
=CAT  \\$aW1610-0368$c20161006$lBLL01$h0938
=CAT  \\$aW1606-1753$c20171028$lBLL01$h1352
=CAT  \\$aW2011-1472$b00$c20201127$lBLL01$h1833
=FIN  \\$aY$d20130610
=LAS  \\$aW2011-1472$b00$c20201127$lBLL01$h1833

