=LDR  01710 gm a2200445uu 4500
=001  016428122
=003  Uk
=005  20201127183326.0
=008  100813s1984\\\\xx\|||\|||||||||||mleng\d
=FMT  \\$a  VM
=035  \\$aASP764822/ant1
=245  00$aItam Hakim Hopiit
=260  \\$aWatertown, MA$bDocumentary Educational Resources (DER)$c1984
=306  \\$a58 minutes
=490  0\$aEthnographic Video Online, Volume 1
=505  00$aThe critically acclaimed Itam Hakim Hopiit was produced in the Hopi language and subtitled in English.
=546  \\$aIn English
=650  04$aHopi
=650  \4$aSocial dances
=650  \4$aStorytelling
=650  \4$aTribal and national groups
=650  \4$aCultural identity
=650  \4$aCultural change and history
=700  1\$aMasayesva, Victor, Jr.$4aut
=700  1\$aMasayesva, Victor, Jr.$4drt
=700  1\$aMacaya, Ross.$4oth
=773  0\$dWatertown, MA : Documentary Educational Resources (DER), 1984
=856  40$uhttp://www.aspresolver.com/aspresolver.asp?ANTH;764822$yAlexander Street Press Ethnographic Video Online
=859  \\$aORR$bAlexander Street Press
=883  0\$aLanguage codes assigned by Bayesian analysis of words present in record$d20201028$qUk$c0.9010
=985  \\$aUpgraded by BSS-generated file for WR2011-1472
=CAT  \\$aWR13_071$b00$c20130610$lBLL01$h1613
=CAT  \\$aBATCH$b00$c20130610$lBLL01$h1613
=CAT  \\$aWR16_088$c20160606$lBLL01$h1632
=CAT  \\$aW1610-0368$c20161006$lBLL01$h0938
=CAT  \\$aW1606-1753$c20171028$lBLL01$h1352
=CAT  \\$aW2011-1472$b00$c20201127$lBLL01$h1833
=CAT  \\$aBATCH-UPD$b00$c20201220$lBLL01$h2037
=FIN  \\$aY$d20130610
=LAS  \\$aBATCH-UPD$b00$c20201220$lBLL01$h2037

