=LDR  02049 gm a2200409uu 4500
=001  016428123
=003  Uk
=005  20201127183327.0
=008  100813s1998\\\\xx\|||\|||||||||||mleng\d
=FMT  \\$a  VM
=035  \\$aASP1870899/ant1
=245  00$aThe Ivory Knights
=260  \\$aParis, France$bZED$c1998
=306  \\$a51 minutes
=490  0\$aEthnographic Video Online, Volume 1
=505  00$aIn the high plateaus of central Vietnam live the Mnongs, a proud and free people, whose ability to capture wild elephants has become legendary throughout all of Southeast Asia. Macoun is the greatest of all Ivory Knights, having caught more than 300 wild elephants during his lifetime. In the documentary, he teaches three young men the ancestral knowledge of elephant capture.Issan, Mavé and Majung will track down a young wild elephant for several days and finally manage to catch it using a lasso. Upon returning to the village, the elephant is tamed for a few months and then released as a full-fledged member of the village community.
=546  \\$aIn English, Subtitles in English
=650  04$aMnong
=650  \4$aTrapping
=650  \4$aCultural identity
=650  \4$aTribal and national groups
=650  \4$aElephants
=700  1\$aQueyrat, Jean$4drt
=700  1\$aSegur, Jérôme$4drt
=773  0\$dParis, France : ZED, 1998
=856  40$uhttp://www.aspresolver.com/aspresolver.asp?ANTH;1870899$yAlexander Street Press Ethnographic Video Online
=859  \\$aORR$bAlexander Street Press
=883  0\$aLanguage codes assigned by Bayesian analysis of words present in record$d20201028$qUk$c0.9010
=985  \\$aUpgraded by BSS-generated file for WR2011-1472
=CAT  \\$aWR13_071$b00$c20130610$lBLL01$h1613
=CAT  \\$aBATCH$b00$c20130610$lBLL01$h1613
=CAT  \\$aWR16_088$c20160606$lBLL01$h1632
=CAT  \\$aW1610-0368$c20161006$lBLL01$h0938
=CAT  \\$aW1606-1753$c20171028$lBLL01$h1352
=CAT  \\$aW2011-1472$b00$c20201127$lBLL01$h1833
=FIN  \\$aY$d20130610
=LAS  \\$aW2011-1472$b00$c20201127$lBLL01$h1833

