=LDR  02107 gm a2200445uu 4500
=001  016428124
=003  Uk
=005  20201127183327.0
=008  100813s2007\\\\xx\|||\|||||||||||mleng\d
=FMT  \\$a  VM
=035  \\$aASP1870902/ant1
=245  00$aJaglavak, Prince of Insects
=260  \\$aParis, France$bZED$c2007
=306  \\$a51 minutes
=490  0\$aEthnographic Video Online, Volume 1
=505  00$aIn northern Cameroon, in the Mandaras Mountains, the Mofu live a unique relationship with insects, sharing with them their homes and cultivations. This year however, a terrible draught hits the region and the termites, usually a precious ally to the Mofu, have left the fields and invaded the huts and granaries.To fight back, the Mofu people have no choice but to call for Jaglavak. Only this ferocious army ant that has the body of a dragon can chase the termites out of the village.If Jaglavak answers to the call, the termites in their mud fortresses better beware.
=546  \\$aIn Mofu-Gudur, English, Subtitles in English
=650  04$aMofu
=650  \4$aWheat
=650  \4$aReligious beliefs
=650  \4$aCultural identity
=650  \4$aTribal and national groups
=650  \4$aPrayer and meditation
=650  \4$aRain
=650  \4$aInsects
=700  1\$aRaynaud, Jérôme.$4drt
=773  0\$dParis, France : ZED, 2007
=856  40$uhttp://www.aspresolver.com/aspresolver.asp?ANTH;1870902$yAlexander Street Press Ethnographic Video Online
=859  \\$aORR$bAlexander Street Press
=883  0\$aLanguage codes assigned by Bayesian analysis of words present in record$d20201028$qUk$c0.9010
=985  \\$aUpgraded by BSS-generated file for WR2011-1472
=CAT  \\$aWR13_071$b00$c20130610$lBLL01$h1613
=CAT  \\$aBATCH$b00$c20130610$lBLL01$h1613
=CAT  \\$aBATCH-UPD$b00$c20130610$lBLL01$h1622
=CAT  \\$aWR16_088$c20160606$lBLL01$h1632
=CAT  \\$aW1610-0368$c20161006$lBLL01$h0938
=CAT  \\$aW1606-1753$c20171028$lBLL01$h1352
=CAT  \\$aW2011-1472$b00$c20201127$lBLL01$h1833
=FIN  \\$aY$d20130610
=LAS  \\$aW2011-1472$b00$c20201127$lBLL01$h1833

