=LDR  02029 gm a2200493uu 4500
=001  016428125
=003  Uk
=005  20201127183327.0
=008  100813s1976\\\\xx\|||\|||||||||||mleng\d
=FMT  \\$a  VM
=035  \\$aASP764826/ant1
=245  00$aJaguar: A Yanomamo Twin Cycle Myth As Told by Daramasiwa
=260  \\$aWatertown, MA$bDocumentary Educational Resources (DER)$c1976
=306  \\$a23 minutes
=490  0\$aEthnographic Video Online, Volume 1
=505  00$aRecorded in 1976
=520  3\$aThe richness of Yanomamo mythology is again revealed in this film (compare Moonblood and both Myths of Naro ), as is the remarkable skill of another Yanomamo storyteller. The myth in this case is that of Jaguar, a prominent figure throughout South American Indian mythology.
=546  \\$aIn English
=650  04$aYanomamö
=650  \4$aRevenge
=650  \4$aChildbirth
=650  \4$aSpirituality
=650  \4$aMyths and legends
=700  1\$aAsch, Timothy.$4pro
=700  1\$aChagnon, Napoleon$4pro
=700  1\$aAsch, Timothy.$4aut
=700  1\$aChagnon, Napoleon$4aut
=700  1\$aAsch, Timothy.$4drt
=700  1\$aChagnon, Napoleon$4drt
=700  1\$aDaramasiwa$4oth
=773  0\$dWatertown, MA : Documentary Educational Resources (DER), 1976
=856  40$uhttp://www.aspresolver.com/aspresolver.asp?ANTH;764826$yAlexander Street Press Ethnographic Video Online
=859  \\$aORR$bAlexander Street Press
=883  0\$aLanguage codes assigned by Bayesian analysis of words present in record$d20201028$qUk$c0.9010
=985  \\$aUpgraded by BSS-generated file for WR2011-1472
=CAT  \\$aWR13_071$b00$c20130610$lBLL01$h1613
=CAT  \\$aBATCH$b00$c20130610$lBLL01$h1613
=CAT  \\$aWR16_088$c20160606$lBLL01$h1632
=CAT  \\$aBATCH-UPD$b00$c20160606$lBLL01$h1634
=CAT  \\$aW1610-0368$c20161006$lBLL01$h0938
=CAT  \\$aW1606-1753$c20171028$lBLL01$h1352
=CAT  \\$aW2011-1472$b00$c20201127$lBLL01$h1833
=FIN  \\$aY$d20130610
=LAS  \\$aW2011-1472$b00$c20201127$lBLL01$h1833

