=LDR  02107 gm a2200481uu 4500
=001  016428126
=003  Uk
=005  20201127183327.0
=008  100813s1992\\\\xx\|||\|||||||||||mleng\d
=FMT  \\$a  VM
=035  \\$aASP764828/ant1
=245  00$aJakub
=260  \\$aWatertown, MA$bDocumentary Educational Resources (DER)$c1992
=306  \\$a65 minutes
=490  0\$aEthnographic Video Online, Volume 1
=505  00$aJakub, by the Czech filmmaker Jana Sevikova, presents an extensive ethnographical-sociological study of the life of the Ruthenians, filmed in the Maramuresh mountains in the north of Romania and in the former Sudetenland in Western Bohemia. The film was made over a period of five years during the time of both totalitarian regimes and was completed in 1992 after the revolution.
=546  \\$aIn English, Subtitles in English
=650  04$aRussian
=650  04$aUkrainian
=650  04$aRuthenian (Rusyn)
=650  \4$aRevolutions
=650  \4$aTotalitarianism
=650  \4$aEastern European people
=650  \4$aCultural change and history
=650  \4$aCultural identity
=650  \4$aRural population
=700  1\$aŠevčíková, Jana.$4pro
=700  1\$aŠevčíková, Jana.$4aut
=700  1\$aŠevčíková, Jana.$4drt
=773  0\$dWatertown, MA : Documentary Educational Resources (DER), 1992
=856  40$uhttp://www.aspresolver.com/aspresolver.asp?ANTH;764828$yAlexander Street Press Ethnographic Video Online
=859  \\$aORR$bAlexander Street Press
=883  0\$aLanguage codes assigned by Bayesian analysis of words present in record$d20201028$qUk$c0.9010
=985  \\$aUpgraded by BSS-generated file for WR2011-1472
=CAT  \\$aWR13_071$b00$c20130610$lBLL01$h1613
=CAT  \\$aBATCH$b00$c20130610$lBLL01$h1613
=CAT  \\$aWR16_088$c20160606$lBLL01$h1632
=CAT  \\$aBATCH-UPD$b00$c20160606$lBLL01$h1634
=CAT  \\$aW1610-0368$c20161006$lBLL01$h0938
=CAT  \\$aW1606-1753$c20171028$lBLL01$h1352
=CAT  \\$aW2011-1472$b00$c20201127$lBLL01$h1833
=FIN  \\$aY$d20130610
=LAS  \\$aW2011-1472$b00$c20201127$lBLL01$h1833

