=LDR  02153 gm a2200565uu 4500
=001  016428128
=003  Uk
=005  20201127183327.0
=008  100813s2000\\\\xx\|||\|||||||||||mleng\d
=FMT  \\$a  VM
=035  \\$aASP764830/ant1
=245  00$aJava Jive
=260  \\$aWatertown, MA$bDocumentary Educational Resources (DER)$c2000
=306  \\$a39 minutes
=490  0\$aEthnographic Video Online, Volume 1
=505  00$a"Hot as hell, strong as sin, and black as the devil". However you take it-or even if you don't-coffee has a special status in society. Fast-paced and lively, Java Jive explores the vitality of cafe culture, the conditions of coffee production and the links between the two.
=546  \\$aIn English, Subtitles in English
=650  04$aNicaraguan
=650  04$aCanadian
=650  04$aAmerican
=650  \4$aCafes
=650  \4$aBeans
=650  \4$aFutures market
=650  \4$aCommodities
=650  \4$aFarmers
=650  \4$aCoffee
=700  1\$aJacob, Selwyn$4pro
=700  1\$aOzier, David$4aut
=700  1\$aOzier, David$4drt
=700  1\$aDickson, John.$4oth
=700  1\$aFawcett, Brian.$4oth
=700  1\$aLanzas, Julio$4oth
=700  1\$aMartinez, Byron$4oth
=700  1\$aMiller, Sherri$4oth
=700  1\$aSchoenhut, Fred$4oth
=700  1\$aByrnes, Jim$4nrt
=773  0\$dWatertown, MA : Documentary Educational Resources (DER), 2000
=856  40$uhttp://www.aspresolver.com/aspresolver.asp?ANTH;764830$yAlexander Street Press Ethnographic Video Online
=859  \\$aORR$bAlexander Street Press
=883  0\$aLanguage codes assigned by Bayesian analysis of words present in record$d20201028$qUk$c0.9010
=985  \\$aUpgraded by BSS-generated file for WR2011-1472
=CAT  \\$aWR13_071$b00$c20130610$lBLL01$h1613
=CAT  \\$aBATCH$b00$c20130610$lBLL01$h1613
=CAT  \\$aWR16_088$c20160606$lBLL01$h1632
=CAT  \\$aBATCH-UPD$b00$c20160606$lBLL01$h1634
=CAT  \\$aW1610-0368$c20161006$lBLL01$h0938
=CAT  \\$aW1606-1753$c20171028$lBLL01$h1352
=CAT  \\$aW2011-1472$b00$c20201127$lBLL01$h1833
=FIN  \\$aY$d20130610
=LAS  \\$aW2011-1472$b00$c20201127$lBLL01$h1833

