=LDR  01943 gm a2200457uu 4500
=001  016428129
=003  Uk
=005  20201127183327.0
=008  100813s1986\\\\xx\|||\|||||||||||mleng\d
=FMT  \\$a  VM
=035  \\$aASP764834/ant1
=245  00$aJean Rouch and His Camera in the Heart of Africa
=260  \\$aWatertown, MA$bDocumentary Educational Resources (DER)$c1986
=306  \\$a77 minutes
=490  0\$aEthnographic Video Online, Volume 1
=505  00$aJean Rouch and His Camera in the Heart of Africa provides an in-depth look at the film work of Jean Rouch and his associates from Niger who participated in the production of many of Rouch's Niger-based films. Most of the camera and technical work was accomplished by Niger filmmakers.
=546  \\$aIn French, Subtitles in English
=650  04$aEuropean
=650  04$aNigerien (Niger)
=650  \4$aAnthropology
=650  \4$aCultural change and history
=650  \4$aFilmmaking
=650  \4$aArt
=700  1\$aBregstein, Philo$4pro
=700  1\$aRouch, Jean.$4aut
=700  1\$aBregstein, Philo$4drt
=700  1\$aRouch, Jean.$4oth
=773  0\$dWatertown, MA : Documentary Educational Resources (DER), 1986
=856  40$uhttp://www.aspresolver.com/aspresolver.asp?ANTH;764834$yAlexander Street Press Ethnographic Video Online
=859  \\$aORR$bAlexander Street Press
=883  0\$aLanguage codes assigned by Bayesian analysis of words present in record$d20201028$qUk$c0.9010
=985  \\$aUpgraded by BSS-generated file for WR2011-1472
=CAT  \\$aWR13_071$b00$c20130610$lBLL01$h1613
=CAT  \\$aBATCH$b00$c20130610$lBLL01$h1613
=CAT  \\$aWR16_088$c20160606$lBLL01$h1632
=CAT  \\$aBATCH-UPD$b00$c20160606$lBLL01$h1634
=CAT  \\$aW1610-0368$c20161006$lBLL01$h0938
=CAT  \\$aW1606-1753$c20171028$lBLL01$h1352
=CAT  \\$aW2011-1472$b00$c20201127$lBLL01$h1833
=FIN  \\$aY$d20130610
=LAS  \\$aW2011-1472$b00$c20201127$lBLL01$h1833

