=LDR  02212 gm a2200469uu 4500
=001  016428130
=003  Uk
=005  20201127183327.0
=008  100813s1991\\\\xx\|||\|||||||||||mleng\d
=FMT  \\$a  VM
=035  \\$aASP764832/ant1
=245  00$aJean Rouch: Premier Film, 1947-1991
=260  \\$aWatertown, MA$bDocumentary Educational Resources (DER)$c1991
=306  \\$a27 minutes
=490  0\$aEthnographic Video Online, Volume 1
=505  00$aThe director, Dominique Dubosc gives Jean Rouch the opportunity to improvise a new commentary for his first film made in 1947, In the Land of the Black Magi (Au pays des mages noirs) of a Songhay possession dance in Niger. Rouch explains the sacrifices he made due to the producer that took on his film and the "monster" thus created; his footage was re-edited with a new ending, new titles, stock footage, "tropical muzak," and a newsreel-style narration heavy on drama and highlighting the exotic.
=546  \\$aIn French, Subtitles in English
=650  04$aSonghai
=650  \4$aCultural identity
=650  \4$aReligious rites and ceremonies
=650  \4$aAnthropology
=650  \4$aPolitics
=650  \4$aFilmmaking
=650  \4$aEthnographic methodology
=700  1\$aDubosc, Dominique.$4pro
=700  1\$aDubosc, Dominique.$4aut
=700  1\$aDubosc, Dominique.$4drt
=700  1\$aRouch, Jean.$4oth
=773  0\$dWatertown, MA : Documentary Educational Resources (DER), 1991
=856  40$uhttp://www.aspresolver.com/aspresolver.asp?ANTH;764832$yAlexander Street Press Ethnographic Video Online
=859  \\$aORR$bAlexander Street Press
=883  0\$aLanguage codes assigned by Bayesian analysis of words present in record$d20201028$qUk$c0.9010
=985  \\$aUpgraded by BSS-generated file for WR2011-1472
=CAT  \\$aWR13_071$b00$c20130610$lBLL01$h1613
=CAT  \\$aBATCH$b00$c20130610$lBLL01$h1613
=CAT  \\$aWR16_088$c20160606$lBLL01$h1632
=CAT  \\$aBATCH-UPD$b00$c20160606$lBLL01$h1634
=CAT  \\$aW1610-0368$c20161006$lBLL01$h0938
=CAT  \\$aW1606-1753$c20171028$lBLL01$h1352
=CAT  \\$aW2011-1472$b00$c20201127$lBLL01$h1833
=FIN  \\$aY$d20130610
=LAS  \\$aW2011-1472$b00$c20201127$lBLL01$h1833

