=LDR  02883 gm a2200565uu 4500
=001  016428134
=003  Uk
=005  20201127183327.0
=008  100813s1988\\\\xx\|||\|||||||||||mleng\d
=FMT  \\$a  VM
=035  \\$aASP850090/ant1
=245  00$aJoe Leahy's Neighbors: Film Discussion
=260  \\$aNew York, NY$bFilmakers Library$c1988
=306  \\$a28 minutes
=490  0\$aEthnographic Video Online, Volume 1
=505  00$aThis film is the follow up of First Contact. It traces the fortunes of Joe Leahy, the mixed-race son of Australian explorer Michael Leahy, in his uneasy relationship with his tribal neighbors. Joe built his coffee plantation on land bought from the Ganiga in the mid 1970's. European educated, raised in the highlands of Papua, freed by his mixed race from the entanglements of tribal obligation, Joe leads a Western lifestyle governed by individualism and the pursuit of affluence.While Joe may live in Western grandeur, he is still surrounded by his subsistence level Ganiga "neighbors," who never let him forget the original source of his prosperity. Joe spends much of his waking hours just keeping the lid on things.Filmmakers Connolly and Anderson lived for eighteen continuous months on the edge of Joe's plantation, in the "no man's land" between Leahy and the Ganiga. Their lively, non-judgmental narrative eloquently captures the conflicting values of tribalism and capitalism.
=546  \\$aIn English
=650  04$aAustralian
=650  04$aGaniga
=650  \4$aProperty rights
=650  \4$aCoffee
=650  \4$aPlantations
=650  \4$aTribal and national groups
=650  \4$aColonialism
=650  \4$aEconomic development
=650  \4$aCultural change and history
=700  1\$aAnderson, Robin.$4pro
=700  1\$aConnolly, Bob.$4pro
=700  1\$aAnderson, Robin.$4drt
=700  1\$aConnolly, Bob.$4drt
=700  1\$aAnderson, Robin.$4oth
=700  1\$aConnolly, Bob.$4oth
=700  1\$aLeahy, Joe.$4oth
=700  1\$aMadang, Joseph$4oth
=700  1\$aMai, Popina$4oth
=700  1\$aTumul$4oth
=773  0\$dNew York, NY : Filmakers Library, 1988
=856  40$uhttp://www.aspresolver.com/aspresolver.asp?ANTH;850090$yAlexander Street Press Ethnographic Video Online
=859  \\$aORR$bAlexander Street Press
=883  0\$aLanguage codes assigned by Bayesian analysis of words present in record$d20201028$qUk$c0.9010
=985  \\$aUpgraded by BSS-generated file for WR2011-1472
=CAT  \\$aWR13_071$b00$c20130610$lBLL01$h1613
=CAT  \\$aBATCH$b00$c20130610$lBLL01$h1613
=CAT  \\$aWR16_088$c20160606$lBLL01$h1632
=CAT  \\$aBATCH-UPD$b00$c20160606$lBLL01$h1634
=CAT  \\$aW1610-0368$c20161006$lBLL01$h0938
=CAT  \\$aW1606-1753$c20171028$lBLL01$h1352
=CAT  \\$aW2011-1472$b00$c20201127$lBLL01$h1833
=FIN  \\$aY$d20130610
=LAS  \\$aW2011-1472$b00$c20201127$lBLL01$h1833

