=LDR  01884 gm a2200421uu 4500
=001  016428135
=003  Uk
=005  20201127183327.0
=008  100813s1982\\\\xx\|||\|||||||||||mleng\d
=FMT  \\$a  VM
=035  \\$aASP1879654/ant1
=245  00$aJohn the Eel Trapper
=260  \\$aLondon, UK$bRoyal Anthropological Institute$c1982
=306  \\$a26 minutes
=490  0\$aEthnographic Video Online, Volume 1
=505  00$aThe fens of East Anglia provide the scenery for this documentary. At the centre of the film is John, a solitary character, who makes his living by trapping eels in the numerous canals of the area. We see him at work and narrating his own story. Eel trapping is illegal, so he is always on the run: this is a tale of poaching, a traditional craft, and the influence of the modern state on the individual.
=546  \\$aIn English
=650  04$aEnglish
=650  \4$aTrade
=650  \4$aRivers
=650  \4$aCommercial fishing
=650  \4$aTrapping
=650  \4$aCultural change and history
=700  1\$aDe Bromhead, Toni.$4drt
=773  0\$dLondon, UK : Royal Anthropological Institute, 1982
=856  40$uhttp://www.aspresolver.com/aspresolver.asp?ANTH;1879654$yAlexander Street Press Ethnographic Video Online
=859  \\$aORR$bAlexander Street Press
=883  0\$aLanguage codes assigned by Bayesian analysis of words present in record$d20201028$qUk$c0.9010
=985  \\$aUpgraded by BSS-generated file for WR2011-1472
=CAT  \\$aWR13_071$b00$c20130610$lBLL01$h1613
=CAT  \\$aBATCH$b00$c20130610$lBLL01$h1613
=CAT  \\$aWR16_088$c20160606$lBLL01$h1632
=CAT  \\$aBATCH-UPD$b00$c20160606$lBLL01$h1634
=CAT  \\$aW1610-0368$c20161006$lBLL01$h0938
=CAT  \\$aW1606-1753$c20171028$lBLL01$h1352
=CAT  \\$aW2011-1472$b00$c20201127$lBLL01$h1833
=FIN  \\$aY$d20130610
=LAS  \\$aW2011-1472$b00$c20201127$lBLL01$h1833

