=LDR  01952 gm a2200481uu 4500
=001  016428136
=003  Uk
=005  20201127183327.0
=008  100813s2002\\\\xx\|||\|||||||||||mleng\d
=FMT  \\$a  VM
=035  \\$aASP764842/ant1
=245  00$aJoin Me In Shambhala
=260  \\$aWatertown, MA$bDocumentary Educational Resources (DER)$c2002
=306  \\$a30 minutes
=490  0\$aEthnographic Video Online, Volume 1
=505  00$aOnce brutally persecuted under the Soviet regime, Buddhism is back in Buryatia in Southern Siberia. But with a past where lamas were killed in prisons and temples burned to ashes, there are few masters left to pass on the tradition.
=546  \\$aIn Buryat, Tibetan, Subtitles in English
=650  04$aTibetan
=650  04$aBuryat
=650  \4$aSpiritual leaders
=650  \4$aBuddhism
=650  \4$aReligious persecution
=650  \4$aPrayer and meditation
=650  \4$aShamanism
=700  1\$aBernstein, Anya.$4pro
=700  1\$aBernstein, Anya.$4aut
=700  1\$aBernstein, Anya.$4drt
=700  1\$aTenzin, Tsering$4oth
=700  1\$aYeshe Lodoi, Rinpoche$4oth
=773  0\$dWatertown, MA : Documentary Educational Resources (DER), 2002
=856  40$uhttp://www.aspresolver.com/aspresolver.asp?ANTH;764842$yAlexander Street Press Ethnographic Video Online
=859  \\$aORR$bAlexander Street Press
=883  0\$aLanguage codes assigned by Bayesian analysis of words present in record$d20201028$qUk$c0.9010
=985  \\$aUpgraded by BSS-generated file for WR2011-1472
=CAT  \\$aWR13_071$b00$c20130610$lBLL01$h1613
=CAT  \\$aBATCH$b00$c20130610$lBLL01$h1613
=CAT  \\$aWR16_088$c20160606$lBLL01$h1632
=CAT  \\$aBATCH-UPD$b00$c20160606$lBLL01$h1634
=CAT  \\$aW1610-0368$c20161006$lBLL01$h0938
=CAT  \\$aW1606-1753$c20171028$lBLL01$h1352
=CAT  \\$aW2011-1472$b00$c20201127$lBLL01$h1833
=FIN  \\$aY$d20130610
=LAS  \\$aW2011-1472$b00$c20201127$lBLL01$h1833

