=LDR  01937 gm a2200457uu 4500
=001  016428139
=003  Uk
=005  20201127183327.0
=008  100813s1989\\\\xx\|||\|||||||||||mleng\d
=FMT  \\$a  VM
=035  \\$aASP764844/ant1
=245  00$aJoseph Doutaz & Olivier Veuve, Shingle-makers
=260  \\$aWatertown, MA$bDocumentary Educational Resources (DER)$c1989
=306  \\$a29 minutes
=490  0\$aEthnographic Video Online, Volume 1
=505  00$aThe "tavillonneur" or shingle-maker cuts out and fits shingles or wood tiles into place. Shingles (called "tavillons" in Switzerland), are one of the oldest methods of roofing or outside wall or roof covering. There are no longer any official apprenticeships.
=546  \\$aIn French, Subtitles in English
=650  04$aSwiss
=650  \4$aCultural change and history
=650  \4$aHousebuilding
=650  \4$aCarpenters
=650  \4$aWoodworking
=700  1\$aHenchoz, Jean-Marc.$4pro
=700  1\$aVeuve, Jacqueline.$4aut
=700  1\$aVeuve, Jacqueline.$4drt
=700  1\$aDoutaz, Joseph$4oth
=700  1\$aVeuve, Olivier$4oth
=773  0\$dWatertown, MA : Documentary Educational Resources (DER), 1989
=856  40$uhttp://www.aspresolver.com/aspresolver.asp?ANTH;764844$yAlexander Street Press Ethnographic Video Online
=859  \\$aORR$bAlexander Street Press
=883  0\$aLanguage codes assigned by Bayesian analysis of words present in record$d20201028$qUk$c0.9010
=985  \\$aUpgraded by BSS-generated file for WR2011-1472
=CAT  \\$aWR13_071$b00$c20130610$lBLL01$h1613
=CAT  \\$aBATCH$b00$c20130610$lBLL01$h1613
=CAT  \\$aWR16_088$c20160606$lBLL01$h1632
=CAT  \\$aBATCH-UPD$b00$c20160606$lBLL01$h1634
=CAT  \\$aW1610-0368$c20161006$lBLL01$h0938
=CAT  \\$aW1606-1753$c20171028$lBLL01$h1352
=CAT  \\$aW2011-1472$b00$c20201127$lBLL01$h1833
=FIN  \\$aY$d20130610
=LAS  \\$aW2011-1472$b00$c20201127$lBLL01$h1833

