=LDR  02617 gm a2200493uu 4500
=001  016428140
=003  Uk
=005  20201127183327.0
=008  100813s9999\\\\xx\|||\|||||||||||mleng\d
=FMT  \\$a  VM
=035  \\$aASP1689416/ant1
=245  00$aThe Journey Back
=260  \\$aNew York, NY$bFilmakers Library
=306  \\$a49 minutes
=490  0\$aEthnographic Video Online, Volume 1
=490  0\$aThe Earth is Our Mother
=505  00$aIn The Journey Back (Part II), the filmmakers return after several years to show the original film (The Earth is Our Mother) to the tribes and learn how they feel about their representation. This follow-up film concentrates on the Arhuaco Indians who continue to maintain their strong spiritual and cultural identity in the face of wide ranging attempts to grab their land, torment their spiritual leaders, and make their independent lifestyle untenable. The Arhuaco are unimpressed with the earlier film even though it attempts to plead their cause to the outside world. Physically small, garbed in pristine white with box-like headdresses, pain smolders on their faces when they speak of the injustice they have suffered, including the assassination of their spiritual leaders. The Journey Back gives voice to the ravages of their colonial history. Member of a series: The Earth is Our Mother (Part I)
=546  \\$aIn English, Spanish, Subtitles in English
=650  04$aArhuacos (Ica, Ika, Bintuk)
=650  \4$aMurder
=650  \4$aMissionaries
=650  \4$aColonialism
=650  \4$aFilms
=650  \4$aCultural change and history
=650  \4$aCultural identity
=650  \4$aTribal and national groups
=700  1\$aGallup, Louise M.$4pro
=700  1\$aElsass, Peter.$4aut
=700  1\$aElsass, Peter.$4drt
=700  1\$aEngberg, Peter.$4nrt
=773  0\$dNew York, NY : Filmakers Library
=856  40$uhttp://www.aspresolver.com/aspresolver.asp?ANTH;1689416$yAlexander Street Press Ethnographic Video Online
=859  \\$aORR$bAlexander Street Press
=883  0\$aLanguage codes assigned by Bayesian analysis of words present in record$d20201028$qUk$c0.9010
=985  \\$aUpgraded by BSS-generated file for WR2011-1472
=CAT  \\$aWR13_071$b00$c20130610$lBLL01$h1613
=CAT  \\$aBATCH$b00$c20130610$lBLL01$h1613
=CAT  \\$aWR16_088$c20160606$lBLL01$h1632
=CAT  \\$aBATCH-UPD$b00$c20160606$lBLL01$h1634
=CAT  \\$aW1610-0368$c20161006$lBLL01$h0938
=CAT  \\$aW1606-1753$c20171028$lBLL01$h1352
=CAT  \\$aW2011-1472$b00$c20201127$lBLL01$h1833
=FIN  \\$aY$d20130610
=LAS  \\$aW2011-1472$b00$c20201127$lBLL01$h1833

