=LDR  01416 gm a2200397uu 4500
=001  016428141
=003  Uk
=005  20201127183327.0
=008  100813s2002\\\\xx\|||\|||||||||||mleng\d
=FMT  \\$a  VM
=035  \\$aASP1659351/ant1
=245  00$aA Journey to the Butterflies
=260  \\$aRochester, NY$bEthnoscope$c2002
=306  \\$a25 minutes
=490  0\$aEthnographic Video Online, Volume 1
=505  00$aIn English
=650  04$aMexican
=650  \4$aTourist attractions
=650  \4$aButterflies
=700  1\$aLane, Bruce.$4aut
=700  1\$aLane, Bruce.$4drt
=700  1\$aWelker, Deborah$4nrt
=773  0\$dRochester, NY : Ethnoscope, 2002
=856  40$uhttp://www.aspresolver.com/aspresolver.asp?ANTH;1659351$yAlexander Street Press Ethnographic Video Online
=859  \\$aORR$bAlexander Street Press
=883  0\$aLanguage codes assigned by Bayesian analysis of words present in record$d20201028$qUk$c0.9010
=985  \\$aUpgraded by BSS-generated file for WR2011-1472
=CAT  \\$aWR13_071$b00$c20130610$lBLL01$h1613
=CAT  \\$aBATCH$b00$c20130610$lBLL01$h1613
=CAT  \\$aBATCH-UPD$b00$c20141221$lBLL01$h1553
=CAT  \\$aWR16_088$c20160606$lBLL01$h1632
=CAT  \\$aW1610-0368$c20161006$lBLL01$h0938
=CAT  \\$aW1606-1753$c20171028$lBLL01$h1352
=CAT  \\$aW2011-1472$b00$c20201127$lBLL01$h1833
=FIN  \\$aY$d20130610
=LAS  \\$aW2011-1472$b00$c20201127$lBLL01$h1833

