=LDR  02287 gm a2200445uu 4500
=001  016428142
=003  Uk
=005  20201127183327.0
=008  100813s2009\\\\xx\|||\|||||||||||mleng\d
=FMT  \\$a  VM
=035  \\$aASP1779503/ant1
=245  00$aThe Joy of Youth
=260  \\$aWatertown, MA$bDocumentary Educational Resources (DER)$c2009
=306  \\$a82 minutes
=490  0\$aEthnographic Video Online, Volume 1
=505  00$aAmong the Senufo people of northern Côte d'Ivoire, the balafon (xylophone with calabash resonators) is an emblematic musical instrument. The music of the balafon is a source of joy while the young men are doing collective work in the fields, at age-group ceremonies, for the poro initiatory society, for the catholic mass and during young people's dance evenings. Musicians and non-musicians, young and old, talk about the different occasions for which this instrument is an indispensable presence marking the rhythms of life for this agricultural people. Traditional balafon music is far from dying out, and its extraordinary vitality and importance are evident in the activities of the younger generations.
=546  \\$aIn English, Subtitles in English
=650  04$aSenufo
=650  \4$aMusical instruments
=650  \4$aEthnomusicology
=650  \4$aBurial customs
=650  \4$aFunerals
=650  \4$aCultural identity
=650  \4$aMusic
=700  1\$aZemp, Hugo.$4aut
=700  1\$aZemp, Hugo.$4drt
=773  0\$dWatertown, MA : Documentary Educational Resources (DER), 2009
=856  40$uhttp://www.aspresolver.com/aspresolver.asp?ANTH;1779503$yAlexander Street Press Ethnographic Video Online
=859  \\$aORR$bAlexander Street Press
=883  0\$aLanguage codes assigned by Bayesian analysis of words present in record$d20201028$qUk$c0.9010
=985  \\$aUpgraded by BSS-generated file for WR2011-1472
=CAT  \\$aWR13_071$b00$c20130610$lBLL01$h1613
=CAT  \\$aBATCH$b00$c20130610$lBLL01$h1613
=CAT  \\$aBATCH-UPD$b00$c20151008$lBLL01$h2029
=CAT  \\$aWR16_088$c20160606$lBLL01$h1632
=CAT  \\$aW1610-0368$c20161006$lBLL01$h0938
=CAT  \\$aW1606-1753$c20171028$lBLL01$h1352
=CAT  \\$aW2011-1472$b00$c20201127$lBLL01$h1833
=FIN  \\$aY$d20130610
=LAS  \\$aW2011-1472$b00$c20201127$lBLL01$h1833

