=LDR  02046 gm a2200517uu 4500
=001  016428143
=003  Uk
=005  20201127183327.0
=008  100813s1997\\\\xx\|||\|||||||||||mleng\d
=FMT  \\$a  VM
=035  \\$aASP764846/ant1
=245  00$aJuana's Journey (El Viaje De Juana)
=260  \\$aWatertown, MA$bDocumentary Educational Resources (DER)$c1997
=306  \\$a25 minutes
=490  0\$aEthnographic Video Online, Volume 1
=505  00$aFor years, Juana, who is 18 years old, was a drug addict who lived in a street gang in Mexico City. Her little 3-year old daughter suffers most under Juana's depressions, which repeatedly caused Juana to stay away from home for weeks at a time.
=546  \\$aIn Spanish, Subtitles in English
=650  04$aMexican
=650  \4$aWomen
=650  \4$aMental depression
=650  \4$aAdolescence
=650  \4$aSingle mothers
=650  \4$aIllegal drugs
=650  \4$aSocial work
=650  \4$aHomeless life
=650  \4$aParents
=700  1\$aGentile, Andrea.$4pro
=700  1\$aMontiel, Gustavo.$4pro
=700  1\$aSchmidt, Adele.$4pro
=700  1\$aSchmidt, Adele.$4aut
=700  1\$aSchmidt, Adele.$4drt
=700  1\$aRamírez, Juana$4oth
=773  0\$dWatertown, MA : Documentary Educational Resources (DER), 1997
=856  40$uhttp://www.aspresolver.com/aspresolver.asp?ANTH;764846$yAlexander Street Press Ethnographic Video Online
=859  \\$aORR$bAlexander Street Press
=883  0\$aLanguage codes assigned by Bayesian analysis of words present in record$d20201028$qUk$c0.9010
=985  \\$aUpgraded by BSS-generated file for WR2011-1472
=CAT  \\$aWR13_071$b00$c20130610$lBLL01$h1613
=CAT  \\$aBATCH$b00$c20130610$lBLL01$h1613
=CAT  \\$aWR16_088$c20160606$lBLL01$h1632
=CAT  \\$aBATCH-UPD$b00$c20160606$lBLL01$h1634
=CAT  \\$aW1610-0368$c20161006$lBLL01$h0938
=CAT  \\$aW1606-1753$c20171028$lBLL01$h1352
=CAT  \\$aW2011-1472$b00$c20201127$lBLL01$h1833
=FIN  \\$aY$d20130610
=LAS  \\$aW2011-1472$b00$c20201127$lBLL01$h1833

