=LDR  01420 gm a2200409uu 4500
=001  016428145
=003  Uk
=005  20201127183327.0
=008  100813s2003\\\\xx\|||\|||||||||||mleng\d
=FMT  \\$a  VM
=035  \\$aASP1870910/ant1
=245  00$aJungle Nomads
=260  \\$aParis, France$bZED$c2003
=306  \\$a65 minutes
=490  0\$aEthnographic Video Online, Volume 1
=505  00$aIn English
=650  04$aRaji
=650  \4$aBees
=650  \4$aCultural identity
=650  \4$aTribal and national groups
=700  1\$aKellner, Debra.$4drt
=700  1\$aValli, Eric.$4drt
=700  1\$aCoyote, Peter.$4nrt
=773  0\$dParis, France : ZED, 2003
=856  40$uhttp://www.aspresolver.com/aspresolver.asp?ANTH;1870910$yAlexander Street Press Ethnographic Video Online
=859  \\$aORR$bAlexander Street Press
=883  0\$aLanguage codes assigned by Bayesian analysis of words present in record$d20201028$qUk$c0.9010
=985  \\$aUpgraded by BSS-generated file for WR2011-1472
=CAT  \\$aWR13_071$b00$c20130610$lBLL01$h1613
=CAT  \\$aBATCH$b00$c20130610$lBLL01$h1613
=CAT  \\$aBATCH-UPD$b00$c20151224$lBLL01$h2051
=CAT  \\$aWR16_088$c20160606$lBLL01$h1632
=CAT  \\$aW1610-0368$c20161006$lBLL01$h0938
=CAT  \\$aW1606-1753$c20171028$lBLL01$h1352
=CAT  \\$aW2011-1472$b00$c20201127$lBLL01$h1833
=FIN  \\$aY$d20130610
=LAS  \\$aW2011-1472$b00$c20201127$lBLL01$h1833

