=LDR  02045 gm a2200493uu 4500
=001  016428146
=003  Uk
=005  20201127183327.0
=008  100813s1998\\\\xx\|||\|||||||||||mleng\d
=FMT  \\$a  VM
=035  \\$aASP764848/ant1
=245  00$aJungle Secrets
=260  \\$aWatertown, MA$bDocumentary Educational Resources (DER)$c1998
=306  \\$a37 minutes
=490  0\$aEthnographic Video Online, Volume 1
=505  00$aIn Jungle Secrets, Waiãpi Indians perform and narrate four tales about cannibal monsters. "We have made the video," say the Waiãpi, "to teach people to be more careful with monsters they never heard about. Even a white man can be eaten as he goes into the forest."
=546  \\$aIn English, Subtitles in English
=650  04$aWayampi (Waiãpi)
=650  \4$aStorytelling
=650  \4$aCultural identity
=650  \4$aTribal and national groups
=650  \4$aRural population
=650  \4$aCannibalism
=650  \4$aMyths and legends
=700  1\$aCarelli, Vincent.$4pro
=700  1\$aGallois, Dominique$4pro
=700  1\$aCarelli, Vincent.$4aut
=700  1\$aGallois, Dominique$4aut
=700  1\$aCarelli, Vincent.$4drt
=700  1\$aGallois, Dominique$4drt
=773  0\$dWatertown, MA : Documentary Educational Resources (DER), 1998
=856  40$uhttp://www.aspresolver.com/aspresolver.asp?ANTH;764848$yAlexander Street Press Ethnographic Video Online
=859  \\$aORR$bAlexander Street Press
=883  0\$aLanguage codes assigned by Bayesian analysis of words present in record$d20201028$qUk$c0.9010
=985  \\$aUpgraded by BSS-generated file for WR2011-1472
=CAT  \\$aWR13_071$b00$c20130610$lBLL01$h1613
=CAT  \\$aBATCH$b00$c20130610$lBLL01$h1613
=CAT  \\$aWR16_088$c20160606$lBLL01$h1632
=CAT  \\$aBATCH-UPD$b00$c20160606$lBLL01$h1634
=CAT  \\$aW1610-0368$c20161006$lBLL01$h0938
=CAT  \\$aW1606-1753$c20171028$lBLL01$h1352
=CAT  \\$aW2011-1472$b00$c20201127$lBLL01$h1833
=FIN  \\$aY$d20130610
=LAS  \\$aW2011-1472$b00$c20201127$lBLL01$h1833

