=LDR  02737 gm a2200649uu 4500
=001  016428148
=003  Uk
=005  20201127183327.0
=008  100813s2001\\\\xx\|||\|||||||||||mleng\d
=FMT  \\$a  VM
=035  \\$aASP764384/ant1
=245  00$aA Kalahari Family Part 2: End of the Road
=260  \\$aWatertown, MA$bDocumentary Educational Resources (DER)$c2001
=306  \\$a56 minutes
=490  0\$aEthnographic Video Online, Volume 1
=505  00$aRecorded in 1978
=520  3\$aJohn Marshall is reunited with Toma's family in 1978. Like a majority of Ju/'hoansi, they have settled at Tjum!kui, an administrative post run by the South African government. They came looking for water, jobs and an easier life, but found poverty, malnutrition and violence. Desperate for a more stable existence, the family heads back to their traditional water hole, /Aotcha, with shovels, cattle, and plans to start farming.
=546  \\$aIn Ju/'hoan, English, Subtitles in English
=650  04$a!Kung
=650  04$aJu/'hoansi
=650  \4$aPoverty
=650  \4$aAgriculture
=650  \4$aCultural change and history
=650  \4$aCultural identity
=650  \4$aTribal and national groups
=650  \4$aRural population
=650  \4$aProperty rights
=650  \4$aPolitics
=700  1\$aMarshall, John,$d1932-2005$4pro
=700  1\$aMarshall, Lorna J.$4pro
=700  1\$aMarshall, John,$d1932-2005$4aut
=700  1\$aMarshall, John,$d1932-2005$4drt
=700  1\$aRitchie, Claire.$4drt
=700  1\$aBoo, /Kunta [Gunda]$4oth
=700  1\$aDabe, !U$4oth
=700  1\$aDabe, G≠kao$4oth
=700  1\$aKommtsa, N!ae$4oth
=700  1\$aMarshall, John,$d1932-2005$4oth
=700  1\$aTsamkxao, ≠Oma$4oth
=700  1\$a≠Oma, Tsamkxao$4oth
=700  1\$aBaskin, Rena.$4nrt
=773  0\$dWatertown, MA : Documentary Educational Resources (DER), 2001
=856  40$uhttp://www.aspresolver.com/aspresolver.asp?ANTH;764384$yAlexander Street Press Ethnographic Video Online
=859  \\$aORR$bAlexander Street Press
=883  0\$aLanguage codes assigned by Bayesian analysis of words present in record$d20201028$qUk$c0.9010
=985  \\$aUpgraded by BSS-generated file for WR2011-1472
=CAT  \\$aWR13_071$b00$c20130610$lBLL01$h1613
=CAT  \\$aBATCH$b00$c20130610$lBLL01$h1613
=CAT  \\$a7416$b40$c20150203$lBLL01$h1147
=CAT  \\$aBATCH-UPD$b40$c20150203$lBLL01$h1147
=CAT  \\$aWR16_088$c20160606$lBLL01$h1632
=CAT  \\$aBATCH-UPD$b00$c20160606$lBLL01$h1634
=CAT  \\$aW1610-0368$c20161006$lBLL01$h0938
=CAT  \\$aW1606-1753$c20171028$lBLL01$h1352
=CAT  \\$aW2011-1472$b00$c20201127$lBLL01$h1833
=FIN  \\$aY$d20130610
=LAS  \\$aW2011-1472$b00$c20201127$lBLL01$h1833

