=LDR  02423 gm a2200553uu 4500
=001  016428150
=003  Uk
=005  20201127183327.0
=008  100813s2001\\\\xx\|||\|||||||||||mleng\d
=FMT  \\$a  VM
=035  \\$aASP764378/ant1
=245  00$aA Kalahari Family Part 4: Standing Tall
=260  \\$aWatertown, MA$bDocumentary Educational Resources (DER)$c2001
=306  \\$a56 minutes
=490  0\$aEthnographic Video Online, Volume 1
=505  00$aRecorded in 1990
=520  3\$aAfter twelve decades of colonial rule, South West Africa is about to become the independent nation of Namibia and people are looking forward to democratic rule. Members of the newly formed, Ju/'hoan Farmers' Co-op travel throughout white ranching districts and black ethnic homelands to find long-lost relatives. Following Namibia's first national elections, United Nation troops help relocate these families to traditional Ju/'hoan territory.
=546  \\$aIn English
=650  04$aJu/'hoansi
=650  04$a!Kung
=650  \4$aCultural change and history
=650  \4$aColonialism
=650  \4$aSocial activists
=650  \4$aPolitics
=650  \4$aAgriculture
=700  1\$aMarshall, John,$d1932-2005$4pro
=700  1\$aMarshall, John,$d1932-2005$4aut
=700  1\$aMarshall, John,$d1932-2005$4drt
=700  1\$a/Xana, G/ao$4oth
=700  1\$aChapman, /Ui$4oth
=700  1\$a≠Oma, Tsamkxao$4oth
=700  1\$aBaskin, Rena.$4nrt
=700  1\$aMarshall, John,$d1932-2005$4nrt
=773  0\$dWatertown, MA : Documentary Educational Resources (DER), 2001
=856  40$uhttp://www.aspresolver.com/aspresolver.asp?ANTH;764378$yAlexander Street Press Ethnographic Video Online
=859  \\$aORR$bAlexander Street Press
=883  0\$aLanguage codes assigned by Bayesian analysis of words present in record$d20201028$qUk$c0.9010
=985  \\$aUpgraded by BSS-generated file for WR2011-1472
=CAT  \\$aWR13_071$b00$c20130610$lBLL01$h1613
=CAT  \\$aBATCH$b00$c20130610$lBLL01$h1613
=CAT  \\$a7416$b40$c20150203$lBLL01$h1147
=CAT  \\$aBATCH-UPD$b40$c20150203$lBLL01$h1147
=CAT  \\$aWR16_088$c20160606$lBLL01$h1632
=CAT  \\$aBATCH-UPD$b00$c20160606$lBLL01$h1634
=CAT  \\$aW1610-0368$c20161006$lBLL01$h0938
=CAT  \\$aW1606-1753$c20171028$lBLL01$h1352
=CAT  \\$aW2011-1472$b00$c20201127$lBLL01$h1833
=FIN  \\$aY$d20130610
=LAS  \\$aW2011-1472$b00$c20201127$lBLL01$h1833

