=LDR  02432 gm a2200421uu 4500
=001  016428152
=003  Uk
=005  20201127183327.0
=008  100813s9999\\\\xx\|||\|||||||||||mleng\d
=FMT  \\$a  VM
=035  \\$aASP1779504/ant1
=245  00$aKale and Kale
=260  \\$aWatertown, MA$bDocumentary Educational Resources (DER)
=306  \\$a49 minutes
=490  0\$aEthnographic Video Online, Volume 1
=505  00$aKāle and Kāle portrays the subtle everyday interactions and relationships between an uncle and nephew, both nicknamed Kāle (pronounced kah-lay), and their families in rural Nepal.Rather than adopt a conventional ethnographic approach, which might depict these individuals as representatives of a particular caste - in this case as itinerant musicians known as the Gāine - this piece aims to move beyond the didacticism that often informs documentary film by providing glimpses into the local lifeworlds these individuals inhabit. The roles they play within their families, in village society, and in neighboring communities are slowly disclosed through a series of discrete vignettes. Through the careful pacing of the scenes and the length of individual shots, this video also explores the experience of time and its passing in rural Nepal. The work invites the viewer to engage unhurriedly and sensorially with its subjects and their environment.
=650  04$aNepalese
=650  \4$aDaily life
=650  \4$aPhysical illnesses
=650  \4$aFamily
=650  \4$aSocietal roles
=650  \4$aRelationships
=700  1\$aSpray, Stephanie$4pro
=700  1\$aSpray, Stephanie$4aut
=700  1\$aSpray, Stephanie$4drt
=773  0\$dWatertown, MA : Documentary Educational Resources (DER)
=856  40$uhttp://www.aspresolver.com/aspresolver.asp?ANTH;1779504$yAlexander Street Press Ethnographic Video Online
=859  \\$aORR$bAlexander Street Press
=883  0\$aLanguage codes assigned by Bayesian analysis of words present in record$d20201028$qUk$c0.9010
=985  \\$aUpgraded by BSS-generated file for WR2011-1472
=CAT  \\$aWR13_071$b00$c20130610$lBLL01$h1613
=CAT  \\$aBATCH$b00$c20130610$lBLL01$h1613
=CAT  \\$aWR16_088$c20160606$lBLL01$h1632
=CAT  \\$aW1610-0368$c20161006$lBLL01$h0938
=CAT  \\$aW1606-1753$c20171028$lBLL01$h1352
=CAT  \\$aW2011-1472$b00$c20201127$lBLL01$h1833
=FIN  \\$aY$d20130610
=LAS  \\$aW2011-1472$b00$c20201127$lBLL01$h1833

