=LDR  02037 gm a2200481uu 4500
=001  016428153
=003  Uk
=005  20201127183327.0
=008  100813s1979\\\\xx\|||\|||||||||||mleng\d
=FMT  \\$a  VM
=035  \\$aASP764850/ant1
=245  00$aKama Wosi: Music in the Trobriand Islands
=260  \\$aWatertown, MA$bDocumentary Educational Resources (DER)$c1979
=306  \\$a49 minutes
=490  0\$aEthnographic Video Online, Volume 1
=505  00$aTraditional music of the Trobriand Islands is played on a variety of flutes, from simple curving stems to panpipes. Songs (wosi) are also an important part of Trobriand music, and although everyone may compose and sing, people with special talents are encouraged to develop their skills.
=546  \\$aIn English, Subtitles in English
=650  04$aPapua New Guinean
=650  \4$aCultural identity
=650  \4$aReligious rites and ceremonies
=650  \4$aIslands
=650  \4$aRural population
=650  \4$aMusical instruments
=650  \4$aTribal and national groups
=650  \4$aDaily life
=700  1\$aMcLaren, Les.$4pro
=700  1\$aMcLaren, Les.$4aut
=700  1\$aMcLaren, Les.$4drt
=700  1\$aHau'ofa, Roger$4nrt
=773  0\$dWatertown, MA : Documentary Educational Resources (DER), 1979
=856  40$uhttp://www.aspresolver.com/aspresolver.asp?ANTH;764850$yAlexander Street Press Ethnographic Video Online
=859  \\$aORR$bAlexander Street Press
=883  0\$aLanguage codes assigned by Bayesian analysis of words present in record$d20201028$qUk$c0.9010
=985  \\$aUpgraded by BSS-generated file for WR2011-1472
=CAT  \\$aWR13_071$b00$c20130610$lBLL01$h1613
=CAT  \\$aBATCH$b00$c20130610$lBLL01$h1613
=CAT  \\$aWR16_088$c20160606$lBLL01$h1632
=CAT  \\$aBATCH-UPD$b00$c20160606$lBLL01$h1634
=CAT  \\$aW1610-0368$c20161006$lBLL01$h0938
=CAT  \\$aW1606-1753$c20171028$lBLL01$h1352
=CAT  \\$aW2011-1472$b00$c20201127$lBLL01$h1833
=FIN  \\$aY$d20130610
=LAS  \\$aW2011-1472$b00$c20201127$lBLL01$h1833

