=LDR  02268 gm a2200529uu 4500
=001  016428154
=003  Uk
=005  20201127183327.0
=008  100813s1991\\\\xx\|||\|||||||||||mleng\d
=FMT  \\$a  VM
=035  \\$aASP764852/ant1
=245  00$aKamala and Raji
=260  \\$aWatertown, MA$bDocumentary Educational Resources (DER)$c1991
=306  \\$a46 minutes
=490  0\$aEthnographic Video Online, Volume 1
=505  00$aRecorded in 1990
=520  3\$aProduced and directed by the makers of Dadi's Family, this film is about Kamala and Raji, two women of the working poor who live in Ahmedabad, capital of the west Indian state of Gujarat. They share a common history since both have moved from a background of deprivation and political impotence to a measure of empowerment as representatives of a grass roots organization called SEWA, the Self Employed Women's Association.
=546  \\$aIn English, Subtitles in English
=650  04$aIndian
=650  \4$aWomen's rights
=650  \4$aWages and salaries
=650  \4$aSocial activists
=650  \4$aFeminism
=650  \4$aWomen
=650  \4$aEconomic development
=700  1\$aCamerini, Michael.$4pro
=700  1\$aCamerini, Michael.$4aut
=700  1\$aCamerini, Michael.$4drt
=700  1\$aRobertson, Shari.$4drt
=700  1\$aBhatt, Ela$4oth
=700  0\$aKamalā.$4oth
=700  1\$aRaji$4oth
=773  0\$dWatertown, MA : Documentary Educational Resources (DER), 1991
=856  40$uhttp://www.aspresolver.com/aspresolver.asp?ANTH;764852$yAlexander Street Press Ethnographic Video Online
=859  \\$aORR$bAlexander Street Press
=883  0\$aLanguage codes assigned by Bayesian analysis of words present in record$d20201028$qUk$c0.9010
=985  \\$aUpgraded by BSS-generated file for WR2011-1472
=CAT  \\$aWR13_071$b00$c20130610$lBLL01$h1613
=CAT  \\$aBATCH$b00$c20130610$lBLL01$h1613
=CAT  \\$aBATCH-UPD$b00$c20130610$lBLL01$h1617
=CAT  \\$aWR16_088$c20160606$lBLL01$h1632
=CAT  \\$aBATCH-UPD$b00$c20160606$lBLL01$h1634
=CAT  \\$aW1610-0368$c20161006$lBLL01$h0938
=CAT  \\$aW1606-1753$c20171028$lBLL01$h1352
=CAT  \\$aW2011-1472$b00$c20201127$lBLL01$h1833
=FIN  \\$aY$d20130610
=LAS  \\$aW2011-1472$b00$c20201127$lBLL01$h1833

