=LDR  02191 gm a2200493uu 4500
=001  016428155
=003  Uk
=005  20201127183327.0
=008  100813s1974\\\\xx\|||\|||||||||||mleng\d
=FMT  \\$a  VM
=035  \\$aASP783765/ant1
=245  00$aKarl Heider on 'Dani Houses
=260  \\$aWatertown, MA$bDocumentary Educational Resources (DER)$c1974
=306  \\$a30 minutes
=490  0\$aEthnographic Video Online, Volume 1
=505  00$aRecorded in 1963
=520  3\$aDani Sweet Potatoes (19 min) follows the sophisticated process of sweet potato horticulture developed by the Dani. It follows the Dani sweet potato cycle from clearing off the old brush and weeds from a fallow field to planting, harvesting, cooking and eating. Dani Houses (16 min) observes both round and square house construction techniques of the Grand Valley Dani. It shows how the ground is cleared, walls are made from boards, poles lashed together, and roofs being thatched.
=546  \\$aIn English
=650  04$aDani
=650  \4$aHousebuilding
=650  \4$aCultural change and history
=650  \4$aTools
=650  \4$aFood crops
=650  \4$aCultural participation
=650  \4$aRural population
=650  \4$aAgriculture
=650  \4$aTribal and national groups
=700  1\$aHeider, Karl G.$4pro
=700  1\$aHeider, Karl G.$4aut
=700  1\$aHeider, Karl G.$4drt
=700  1\$aHeider, Karl G.$4nrt
=773  0\$dWatertown, MA : Documentary Educational Resources (DER), 1974
=856  40$uhttp://www.aspresolver.com/aspresolver.asp?ANTH;783765$yAlexander Street Press Ethnographic Video Online
=859  \\$aORR$bAlexander Street Press
=883  0\$aLanguage codes assigned by Bayesian analysis of words present in record$d20201028$qUk$c0.9010
=985  \\$aUpgraded by BSS-generated file for WR2011-1472
=CAT  \\$aWR13_071$b00$c20130610$lBLL01$h1613
=CAT  \\$aBATCH$b00$c20130610$lBLL01$h1613
=CAT  \\$aWR16_088$c20160606$lBLL01$h1632
=CAT  \\$aW1610-0368$c20161006$lBLL01$h0938
=CAT  \\$aW1606-1753$c20171028$lBLL01$h1352
=CAT  \\$aW2011-1472$b00$c20201127$lBLL01$h1833
=FIN  \\$aY$d20130610
=LAS  \\$aW2011-1472$b00$c20201127$lBLL01$h1833

