=LDR  02453 gm a2200409uu 4500
=001  016428157
=003  Uk
=005  20201127183327.0
=008  100813s9999\\\\xx\|||\|||||||||||mleng\d
=FMT  \\$a  VM
=035  \\$aASP1784887/ant1
=245  00$aKaroo Kitaar Blues
=260  \\$aNew York, NY$bFilmakers Library
=306  \\$a91 minutes
=490  0\$aEthnographic Video Online, Volume 1
=520  3\$aKaroo Kitaar Blues follows South African songwriter David Kramer and slide guitarist Hannes Coetzee into remote regions of South Africa on their quest to find musicians who play an almost forgotten folk music. The film documents their journey into the harsh and arid landscape of Namaqualand and the Great Karoo interweaving musical performance and interviews with violinists, guitarists, piano accordionists and mouth organ players who play what Kramer describes as Karoo Blues. Little is known of the origins of this music. It is the music of shepherds and sheep shearers who are descendants of the original inhabitants of these semi -desert areas. This music has probably evolved in much the same way as the Afrikaans language that the musicians speak a blend of indigenous and colonial influences. By the end of the journey nine musicians are invited to Cape Town where they record some of their songs and perform to packed houses and great acclaim. An endangered culture has been given a new breath of life. Longer version (92 min) is available
=546  \\$aIn English
=650  04$aSouth African
=650  \4$aMusic
=650  \4$aMusical performances
=650  \4$aFolk music
=650  \4$aMusicians
=700  1\$aKey, Liza.$4drt
=773  0\$dNew York, NY : Filmakers Library
=856  40$uhttp://www.aspresolver.com/aspresolver.asp?ANTH;1784887$yAlexander Street Press Ethnographic Video Online
=859  \\$aORR$bAlexander Street Press
=883  0\$aLanguage codes assigned by Bayesian analysis of words present in record$d20201028$qUk$c0.9010
=985  \\$aUpgraded by BSS-generated file for WR2011-1472
=CAT  \\$aWR13_071$b00$c20130610$lBLL01$h1613
=CAT  \\$aBATCH$b00$c20130610$lBLL01$h1613
=CAT  \\$aWR16_088$c20160606$lBLL01$h1632
=CAT  \\$aBATCH-UPD$b00$c20160606$lBLL01$h1635
=CAT  \\$aW1610-0368$c20161006$lBLL01$h0938
=CAT  \\$aW1606-1753$c20171028$lBLL01$h1352
=CAT  \\$aW2011-1472$b00$c20201127$lBLL01$h1833
=FIN  \\$aY$d20130610
=LAS  \\$aW2011-1472$b00$c20201127$lBLL01$h1833

