=LDR  02369 gm a2200577uu 4500
=001  016428158
=003  Uk
=005  20201127183327.0
=008  100813s2001\\\\xx\|||\|||||||||||mleng\d
=FMT  \\$a  VM
=035  \\$aASP764854/ant1
=245  00$aKau Faito'o: Traditional Healers of Tonga
=260  \\$aWatertown, MA$bDocumentary Educational Resources (DER)$c2001
=306  \\$a27 minutes
=490  0\$aEthnographic Video Online, Volume 1
=505  00$aThis is a documentary, which not only shows the ancient traditional art form of healing but also tries to capture the essence of being a traditional healer in an ever-changing environment. Traditional healers are shown collecting, preparing and administering herbal remedies that they have passed down from one generation to the next.
=546  \\$aIn English, Subtitles in English
=650  04$aTongan
=650  \4$aFertility
=650  \4$aTraditional medicine
=650  \4$aMidwives
=650  \4$aHealers
=650  \4$aCultural change and history
=650  \4$aTribal and national groups
=700  1\$aOstraff, Joseph$4pro
=700  1\$aOstraff, Melinda.$4pro
=700  1\$aOstraff, Joseph$4aut
=700  1\$aOstraff, Melinda.$4aut
=700  1\$aSaafi, Loa Niumeitolu$4aut
=700  1\$aVan Wagenen, Michael.$4aut
=700  1\$aOstraff, Melinda.$4drt
=700  1\$aAnitoni, Kiu$4oth
=700  1\$aMahi, Mele$4oth
=700  1\$aSione$4oth
=700  1\$aTonga, Kolo$4oth
=700  1\$aTongia, Lamona$4oth
=700  1\$aSaafi, Loa Niumeitolu$4nrt
=773  0\$dWatertown, MA : Documentary Educational Resources (DER), 2001
=856  40$uhttp://www.aspresolver.com/aspresolver.asp?ANTH;764854$yAlexander Street Press Ethnographic Video Online
=859  \\$aORR$bAlexander Street Press
=883  0\$aLanguage codes assigned by Bayesian analysis of words present in record$d20201028$qUk$c0.9010
=985  \\$aUpgraded by BSS-generated file for WR2011-1472
=CAT  \\$aWR13_071$b00$c20130610$lBLL01$h1613
=CAT  \\$aBATCH$b00$c20130610$lBLL01$h1613
=CAT  \\$aWR16_088$c20160606$lBLL01$h1632
=CAT  \\$aBATCH-UPD$b00$c20160606$lBLL01$h1635
=CAT  \\$aW1610-0368$c20161006$lBLL01$h0938
=CAT  \\$aW1606-1753$c20171028$lBLL01$h1352
=CAT  \\$aW2011-1472$b00$c20201127$lBLL01$h1833
=FIN  \\$aY$d20130610
=LAS  \\$aW2011-1472$b00$c20201127$lBLL01$h1833

