=LDR  02112 gm a2200469uu 4500
=001  016428159
=003  Uk
=005  20201127183327.0
=008  100813s2007\\\\xx\|||\|||||||||||mleng\d
=FMT  \\$a  VM
=035  \\$aASP764856/ant1
=245  00$aKeep the Dance Alive
=260  \\$aWatertown, MA$bDocumentary Educational Resources (DER)$c2007
=306  \\$a75 minutes
=490  0\$aEthnographic Video Online, Volume 1
=505  00$aA unique voyage through the music, dance and spirit possession practices of the Ovahimba people of north-western Namibia and south-western Angola, Keep the Dance Alive features remarkable footage of how dance and spirit possession is integrated into everyday life from infancy to death. The documentary presents a singular vision of the Ovahimba people, that of director Rina Sherman who filmed the lives of an Omuhimba family for seven years.
=546  \\$aIn English
=650  04$aHimba (Ovaherero, Ovahimba)
=650  \4$aWomen
=650  \4$aDance
=650  \4$aRural population
=650  \4$aTribal and national groups
=650  \4$aReligion
=650  \4$aReligious rites and ceremonies
=650  \4$aSpiritual possession
=700  1\$aSherman, Rina.$4pro
=700  1\$aSherman, Rina.$4aut
=700  1\$aSherman, Rina.$4drt
=773  0\$dWatertown, MA : Documentary Educational Resources (DER), 2007
=856  40$uhttp://www.aspresolver.com/aspresolver.asp?ANTH;764856$yAlexander Street Press Ethnographic Video Online
=859  \\$aORR$bAlexander Street Press
=883  0\$aLanguage codes assigned by Bayesian analysis of words present in record$d20201028$qUk$c0.9010
=985  \\$aUpgraded by BSS-generated file for WR2011-1472
=CAT  \\$aWR13_071$b00$c20130610$lBLL01$h1613
=CAT  \\$aBATCH$b00$c20130610$lBLL01$h1613
=CAT  \\$aWR16_088$c20160606$lBLL01$h1632
=CAT  \\$aBATCH-UPD$b00$c20160606$lBLL01$h1635
=CAT  \\$aW1610-0368$c20161006$lBLL01$h0938
=CAT  \\$aW1606-1753$c20171028$lBLL01$h1352
=CAT  \\$aW2011-1472$b00$c20201127$lBLL01$h1833
=FIN  \\$aY$d20130610
=LAS  \\$aW2011-1472$b00$c20201127$lBLL01$h1833

