=LDR  01405 gm a2200397uu 4500
=001  016428167
=003  Uk
=005  20201127183327.0
=008  100813s2000\\\\xx\|||\|||||||||||mleng\d
=FMT  \\$a  VM
=035  \\$aASP1870983/ant1
=245  00$aKeepers of the Forest: The Fangs Of The Lake
=260  \\$aParis, France$bZED$c2000
=306  \\$a25 minutes
=490  0\$aEthnographic Video Online, Volume 1
=505  00$aIn English
=650  04$aTaino
=650  \4$aReptiles and amphibians
=650  \4$aZoology
=700  1\$aCatteau, Manuel$4pro
=700  1\$aQueyrat, Jean$4drt
=700  1\$aMendez, Hermogenes$4oth
=700  1\$aWenger, Allan$4nrt
=773  0\$dParis, France : ZED, 2000
=856  40$uhttp://www.aspresolver.com/aspresolver.asp?ANTH;1870983$yAlexander Street Press Ethnographic Video Online
=859  \\$aORR$bAlexander Street Press
=883  0\$aLanguage codes assigned by Bayesian analysis of words present in record$d20201028$qUk$c0.9010
=985  \\$aUpgraded by BSS-generated file for WR2011-1472
=CAT  \\$aWR13_071$b00$c20130610$lBLL01$h1613
=CAT  \\$aBATCH$b00$c20130610$lBLL01$h1613
=CAT  \\$aWR16_088$c20160606$lBLL01$h1632
=CAT  \\$aW1610-0368$c20161006$lBLL01$h0938
=CAT  \\$aW1606-1753$c20171028$lBLL01$h1352
=CAT  \\$aW2011-1472$b00$c20201127$lBLL01$h1833
=FIN  \\$aY$d20130610
=LAS  \\$aW2011-1472$b00$c20201127$lBLL01$h1833

