=LDR  01570cgm a2200457uu 4500
=001  016428169
=003  Uk
=005  20201127183327.0
=008  100813s2000\\\\xx\|||\|||||||||||mleng\d
=FMT  \\$a  VM
=035  \\$aASP1870895/ant1
=245  00$aKeepers of the Forest: The Guardian Of Nariva
=260  \\$aParis, France$bZED$c2000
=306  \\$a26 minutes
=490  0\$aEthnographic Video Online, Volume 1
=505  00$aIn English
=650  04$aTrinidadian
=650  \4$aAnimals
=650  \4$aNature
=650  \4$aZoology
=650  \4$aWild animals
=700  1\$aCatteau, Manuel$4pro
=700  1\$aSegur, Jérôme$4drt
=700  0\$aNev.$4oth
=700  0\$aSham.$4oth
=700  1\$aWenger, Allan$4nrt
=773  0\$dParis, France : ZED, 2000
=856  40$uhttp://www.aspresolver.com/aspresolver.asp?ANTH;1870895$yAlexander Street Press Ethnographic Video Online
=859  \\$aORR$bAlexander Street Press
=883  0\$aLanguage codes assigned by Bayesian analysis of words present in record$d20201028$qUk$c0.9010
=985  \\$aUpgraded by BSS-generated file for WR2011-1472
=CAT  \\$aWR13_071$b00$c20130610$lBLL01$h1613
=CAT  \\$aBATCH$b00$c20130610$lBLL01$h1613
=CAT  \\$aBATCH-UPD$b00$c20130610$lBLL01$h1622
=CAT  \\$aWR16_088$c20160606$lBLL01$h1632
=CAT  \\$aW1610-0368$c20161006$lBLL01$h0938
=CAT  \\$aW1606-1753$c20171028$lBLL01$h1352
=CAT  \\$aW2011-1472$b00$c20201127$lBLL01$h1833
=CAT  \\$aBATCH-UPD$b00$c20220224$lBLL01$h2017
=FIN  \\$aY$d20130610
=LAS  \\$aBATCH-UPD$b00$c20220224$lBLL01$h2017

