=LDR  03090 gm a2200397uu 4500
=001  016428173
=003  Uk
=005  20201127183327.0
=008  100813s2002\\\\xx\|||\|||||||||||mleng\d
=FMT  \\$a  VM
=035  \\$aASP1779491/ant1
=245  00$aKennewick Man: An Epic Drama of the West
=260  \\$aNew York, NY$bFilmakers Library$c2002
=306  \\$a86 minutes
=490  0\$aEthnographic Video Online, Volume 1
=520  3\$aOn July 28th, 1996, two college students stumbled upon an anthropological find that would change forever the way North Americans view their past. While sneaking into hydroplane races on the Columbia River in Kennewick, WA., Will Thomas and Dave Deacy noticed a human skull mired in the mud. It turned out to be one of the oldest and most complete skeletons ever found in North America. James Chatters, the anthropologist who eventually investigated the skeleton, determined that the skull had "Caucasoid" features. The word, "Caucasoid," and the subsequent carbon dating of the bones, which found them to be over 9,000 years old, ignited a firestorm of controversy. These events pitted science against religion and scientists against Native Americans. The scientists demanded the right to study the bones. The Umatilla Tribe believed the bones to be sacred and ancestral. They were adamant that the bones be repatriated to the tribes for reburial. The American government, seemingly caught in the middle due to the fact that the remains were found on Federal land, decided to repatriate the remains to the Tribe. Eight scientists then filed a lawsuit in order to block this repatriation, claiming that more study was needed to determine ownership. The documentary explores with humor and compassion the cultural assumptions and differing opinions among the various groups involved, and attempts to explain why so many have claimed the bones of Kennewick Man. The far-reaching implications for the future of American anthropology, our view of America's ancient past, and the present day relationship between Native and non-native people are addressed.
=546  \\$aIn English
=650  04$aAmerican Indian
=650  \4$aCultural identity
=650  \4$aArchaeological artifacts
=700  1\$aCarver, Kyle$4drt
=700  1\$aPurcell, Ryan.$4drt
=773  0\$dNew York, NY : Filmakers Library, 2002
=856  40$uhttp://www.aspresolver.com/aspresolver.asp?ANTH;1779491$yAlexander Street Press Ethnographic Video Online
=859  \\$aORR$bAlexander Street Press
=883  0\$aLanguage codes assigned by Bayesian analysis of words present in record$d20201028$qUk$c0.9010
=985  \\$aUpgraded by BSS-generated file for WR2011-1472
=CAT  \\$aWR13_071$b00$c20130610$lBLL01$h1613
=CAT  \\$aBATCH$b00$c20130610$lBLL01$h1613
=CAT  \\$aWR16_088$c20160606$lBLL01$h1632
=CAT  \\$aW1610-0368$c20161006$lBLL01$h0938
=CAT  \\$aW1606-1753$c20171028$lBLL01$h1352
=CAT  \\$aW2011-1472$b00$c20201127$lBLL01$h1833
=CAT  \\$aBATCH-UPD$b00$c20210919$lBLL01$h2035
=FIN  \\$aY$d20130610
=LAS  \\$aBATCH-UPD$b00$c20210919$lBLL01$h2035

