=LDR  01855 gm a2200409uu 4500
=001  016428174
=003  Uk
=005  20201127183327.0
=008  100813s9999\\\\xx\|||\|||||||||||mleng\d
=FMT  \\$a  VM
=035  \\$aASP1779523/ant1
=245  00$aKenya
=260  \\$aCopenhagen, Denmark$bDanish Broadcasting Corporation
=306  \\$a28 minutes
=490  0\$aEthnographic Video Online, Volume 1
=505  00$aThe hot-air balloon floats over the endless plains of the Masai Mara Park - one of the biggest parks in Africa. But the Masai people are finding it very difficult to live with the park as it has deprived them of some of their traditional lands. The journey takes us to an agricultural farm with wild animals and snakes, and through animal rescue centres for chimpanzees, elephants and giraffes.
=546  \\$aIn English
=650  04$aMaasai
=650  \4$aLivestock
=650  \4$aWild animals
=650  \4$aGeographical features
=650  \4$aTribal and national groups
=700  1\$aDemichelis, Davide.$4drt
=773  0\$dCopenhagen, Denmark : Danish Broadcasting Corporation
=856  40$uhttp://www.aspresolver.com/aspresolver.asp?ANTH;1779523$yAlexander Street Press Ethnographic Video Online
=859  \\$aORR$bAlexander Street Press
=883  0\$aLanguage codes assigned by Bayesian analysis of words present in record$d20201028$qUk$c0.9010
=985  \\$aUpgraded by BSS-generated file for WR2011-1472
=CAT  \\$aWR13_071$b00$c20130610$lBLL01$h1613
=CAT  \\$aBATCH$b00$c20130610$lBLL01$h1613
=CAT  \\$aWR16_088$c20160606$lBLL01$h1632
=CAT  \\$aBATCH-UPD$b00$c20160606$lBLL01$h1635
=CAT  \\$aW1610-0368$c20161006$lBLL01$h0938
=CAT  \\$aW1606-1753$c20171028$lBLL01$h1352
=CAT  \\$aW2011-1472$b00$c20201127$lBLL01$h1833
=FIN  \\$aY$d20130610
=LAS  \\$aW2011-1472$b00$c20201127$lBLL01$h1833

