=LDR  02229 gm a2200529uu 4500
=001  016428175
=003  Uk
=005  20201209155236.0
=008  100813s1974\\\\xx\|||\|||||||||||mleng\d
=FMT  \\$a  VM
=035  \\$aASP764530/ant1
=245  00$aKenya: Boran Herdsmen
=260  \\$aWatertown, MA$bDocumentary Educational Resources (DER)$c1974
=306  \\$a17 minutes
=490  0\$aEthnographic Video Online, Volume 1
=505  00$aThis film demonstrates the time-honored solutions to the problems associated with the Boran's dependence on cattle for living. Direct government intervention and the indirect impact of modernization are forcing the old patterns to change. The film depicts herding practices, movement patterns, watering strategies, and the lifestyle of the herdsmen.
=546  \\$aIn English
=650  04$aBorana
=650  \4$aEconomic development
=650  \4$aCultural change and history
=650  \4$aLivestock
=650  \4$aCultural participation
=650  \4$aGender roles
=650  \4$aRural population
=650  \4$aMigrant life
=650  \4$aHerders
=700  1\$aMiller, Norman.$4pro
=700  1\$aMacDougall, David.$4aut
=700  1\$aBaxter, P. T. W.$q(Paul Trevor William)$4drt
=700  1\$aBlue, James.$4drt
=700  1\$aMacDougall, David.$4drt
=773  0\$dWatertown, MA : Documentary Educational Resources (DER), 1974
=856  40$uhttp://www.aspresolver.com/aspresolver.asp?ANTH;764530$yAlexander Street Press Ethnographic Video Online
=859  \\$aORR$bAlexander Street Press
=883  0\$aLanguage codes assigned by Bayesian analysis of words present in record$d20201028$qUk$c0.9010
=985  \\$aUpgraded by BSS-generated file for WR2011-1472
=CAT  \\$aWR13_071$b00$c20130610$lBLL01$h1613
=CAT  \\$aBATCH$b00$c20130610$lBLL01$h1613
=CAT  \\$aBATCH-UPD$b00$c20141220$lBLL01$h2313
=CAT  \\$aWR16_088$c20160606$lBLL01$h1632
=CAT  \\$aBATCH-UPD$b00$c20160606$lBLL01$h1635
=CAT  \\$aW1610-0368$c20161006$lBLL01$h0938
=CAT  \\$aW1606-1753$c20171028$lBLL01$h1352
=CAT  \\$aW2011-1472$b00$c20201127$lBLL01$h1833
=CAT  \\$a7416$b40$c20201209$lBLL01$h1552
=FIN  \\$aY$d20130610
=LAS  \\$a7416$b40$c20201209$lBLL01$h1552

