=LDR  02244 gm a2200565uu 4500
=001  016428177
=003  Uk
=005  20201127183327.0
=008  100813s1974\\\\xx\|||\|||||||||||mleng\d
=FMT  \\$a  VM
=035  \\$aASP764860/ant1
=245  00$aKenya: Kenya Boran Part I
=260  \\$aWatertown, MA$bDocumentary Educational Resources (DER)$c1974
=306  \\$a33 minutes
=490  0\$aEthnographic Video Online, Volume 1
=505  00$aIn the midst of a traditional herding territory, a growing town and a new road encroach upon a once-isolated desert people. The complexities brought about by this modernization are shown as two fathers and their sons confront difficult choices between old ways and new.
=546  \\$aIn English, Oromo, Borana-Arsi-Guji, Subtitles in English
=650  04$aBorana
=650  \4$aEconomics
=650  \4$aEducation
=650  \4$aTribal and national groups
=650  \4$aRural population
=650  \4$aCultural identity
=650  \4$aSociocultural trends
=650  \4$aCultural change and history
=650  \4$aHerders
=700  1\$aMiller, Norman.$4pro
=700  1\$aBlue, James.$4aut
=700  1\$aMacDougall, David.$4aut
=700  1\$aBlue, James.$4drt
=700  1\$aMacDougall, David.$4drt
=700  1\$aAli, Guyo$4oth
=700  1\$aBoru, Peter$4oth
=700  1\$aDokata$4oth
=700  1\$aDuba, Iya$4oth
=700  1\$aGodana, Stephen$4oth
=773  0\$dWatertown, MA : Documentary Educational Resources (DER), 1974
=856  40$uhttp://www.aspresolver.com/aspresolver.asp?ANTH;764860$yAlexander Street Press Ethnographic Video Online
=859  \\$aORR$bAlexander Street Press
=883  0\$aLanguage codes assigned by Bayesian analysis of words present in record$d20201028$qUk$c0.9010
=985  \\$aUpgraded by BSS-generated file for WR2011-1472
=CAT  \\$aWR13_071$b00$c20130610$lBLL01$h1613
=CAT  \\$aBATCH$b00$c20130610$lBLL01$h1613
=CAT  \\$aWR16_088$c20160606$lBLL01$h1632
=CAT  \\$aBATCH-UPD$b00$c20160606$lBLL01$h1635
=CAT  \\$aW1610-0368$c20161006$lBLL01$h0938
=CAT  \\$aW1606-1753$c20171028$lBLL01$h1352
=CAT  \\$aW2011-1472$b00$c20201127$lBLL01$h1833
=FIN  \\$aY$d20130610
=LAS  \\$aW2011-1472$b00$c20201127$lBLL01$h1833

