=LDR  02291 gm a2200385uu 4500
=001  016428179
=003  Uk
=005  20201127183327.0
=008  100813s9999\\\\xx\|||\|||||||||||mleng\d
=FMT  \\$a  VM
=035  \\$aASP1689344/ant1
=245  00$aKenya: Where Women Rule
=260  \\$aNew York, NY$bFilmakers Library
=306  \\$a20 minutes
=490  0\$aEthnographic Video Online, Volume 1
=505  00$aDomestic violence against women is rife among the Samburu in Kenya. In Samburu culture the women also do all the work, including building the homes, herding, collecting firewood and water and caring for the children. In the 1980's and 90's two hundred women from the tribe claimed they were raped by men from a nearby British army base. The Samburu men rejected them, whipped them and threw them out of their homes. In 1990 a small group of these stigmatized women decided to band together and create their own village. Under the leadership of one woman, Rebecca Lollosoli, their village has prospered, taking advantage of the income from tourism. The Samburu men have tried to sabotage the tourist business and have also mounted raids on the village. Finally, the Samburu men's chief tried to effect a reconciliation, but the women vehemently rejected his proposal. They are clearly enjoying the advantages of independence!
=546  \\$aIn English, Subtitles in English
=650  04$aSamburu
=650  \4$aTourism industry
=650  \4$aGender roles
=650  \4$aWomen's rights
=700  1\$aLollosoli, Rebecca$4oth
=773  0\$dNew York, NY : Filmakers Library
=856  40$uhttp://www.aspresolver.com/aspresolver.asp?ANTH;1689344$yAlexander Street Press Ethnographic Video Online
=859  \\$aORR$bAlexander Street Press
=883  0\$aLanguage codes assigned by Bayesian analysis of words present in record$d20201028$qUk$c0.9010
=985  \\$aUpgraded by BSS-generated file for WR2011-1472
=CAT  \\$aWR13_071$b00$c20130610$lBLL01$h1613
=CAT  \\$aBATCH$b00$c20130610$lBLL01$h1613
=CAT  \\$aWR16_088$c20160606$lBLL01$h1632
=CAT  \\$aW1610-0368$c20161006$lBLL01$h0938
=CAT  \\$aW1606-1753$c20171028$lBLL01$h1352
=CAT  \\$aW2011-1472$b00$c20201127$lBLL01$h1833
=FIN  \\$aY$d20130610
=LAS  \\$aW2011-1472$b00$c20201127$lBLL01$h1833

