=LDR  02226 gm a2200541uu 4500
=001  016428180
=003  Uk
=005  20201127183327.0
=008  100813s2000\\\\xx\|||\|||||||||||mleng\d
=FMT  \\$a  VM
=035  \\$aASP765388/ant1
=245  00$aThe Key From Spain: The Songs and Stories of Flory Jagoda
=260  \\$aWatertown, MA$bDocumentary Educational Resources (DER)$c2000
=306  \\$a40 minutes
=490  0\$aEthnographic Video Online, Volume 1
=505  00$aAccording to legend, when the Jews were expelled from Spain in 1492, they took with them the keys to their homes and their synagogues in the hope that they would one day return. They never did return, but their Spanish cultural heritage remained a powerful influence on their lives and their art.
=546  \\$aIn English
=650  04$aBosnian
=650  04$aAmerican
=650  \4$aMusic
=650  \4$aJewish people
=650  \4$aCultural change and history
=650  \4$aJudaism
=650  \4$aCultural identity
=650  \4$aFolk music
=700  1\$aLivingstone, Mischa.$4pro
=700  1\$aPetrović, Ankica.$4pro
=700  1\$aPetrovic, Ulatko$4pro
=700  1\$aLivingstone, Mischa.$4aut
=700  1\$aPetrović, Ankica.$4aut
=700  1\$aLivingstone, Mischa.$4drt
=700  1\$aPetrović, Ankica.$4drt
=700  1\$aJagoda, Flory.$4oth
=773  0\$dWatertown, MA : Documentary Educational Resources (DER), 2000
=856  40$uhttp://www.aspresolver.com/aspresolver.asp?ANTH;765388$yAlexander Street Press Ethnographic Video Online
=859  \\$aORR$bAlexander Street Press
=883  0\$aLanguage codes assigned by Bayesian analysis of words present in record$d20201028$qUk$c0.9010
=985  \\$aUpgraded by BSS-generated file for WR2011-1472
=CAT  \\$aWR13_071$b00$c20130610$lBLL01$h1613
=CAT  \\$aBATCH$b00$c20130610$lBLL01$h1613
=CAT  \\$aWR16_088$c20160606$lBLL01$h1632
=CAT  \\$aBATCH-UPD$b00$c20160606$lBLL01$h1635
=CAT  \\$aW1610-0368$c20161006$lBLL01$h0938
=CAT  \\$aW1606-1753$c20171028$lBLL01$h1352
=CAT  \\$aW2011-1472$b00$c20201127$lBLL01$h1833
=CAT  \\$aBATCH-UPD$b00$c20210606$lBLL01$h2100
=FIN  \\$aY$d20130610
=LAS  \\$aBATCH-UPD$b00$c20210606$lBLL01$h2100

