=LDR  02358 gm a2200517uu 4500
=001  016428181
=003  Uk
=005  20201127183327.0
=008  100813s2000\\\\xx\|||\|||||||||||mleng\d
=FMT  \\$a  VM
=035  \\$aASP764864/ant1
=245  00$aKhalfan and Zanzibar
=260  \\$aWatertown, MA$bDocumentary Educational Resources (DER)$c2000
=306  \\$a25 minutes
=490  0\$aEthnographic Video Online, Volume 1
=505  00$aKhalfan and Zanzibar is an anthropological documentary shot on digital video - a new departure for the filmmakers, who previously worked exclusively with 16-mm film. Three separate topics are woven together in this innovative project: 1) the life and work of Khalfan Hemed Khalfan, founder of Zanzibar's Association of the Disabled; 2) scenes from the lives of Zanzibar's disabled - job skill training, a class for deaf children, a soccer scrimmage; 3) the history and culture of Zanzibar.
=546  \\$aIn English
=650  04$aSwahili
=650  \4$aCharitable associations
=650  \4$aPhysical disabilities
=650  \4$aTribal and national groups
=650  \4$aCultural change and history
=650  \4$aCultural identity
=700  1\$aFruzzetti, Lina.$4pro
=700  1\$aÖstör, Ákos.$4pro
=700  1\$aFruzzetti, Lina.$4aut
=700  1\$aGuzzetti, Alfred$4aut
=700  1\$aÖstör, Ákos.$4aut
=700  1\$aFruzzetti, Lina.$4drt
=700  1\$aGuzzetti, Alfred$4drt
=700  1\$aÖstör, Ákos.$4drt
=700  1\$aKhalfan, Khalfan Hamed$4oth
=773  0\$dWatertown, MA : Documentary Educational Resources (DER), 2000
=856  40$uhttp://www.aspresolver.com/aspresolver.asp?ANTH;764864$yAlexander Street Press Ethnographic Video Online
=859  \\$aORR$bAlexander Street Press
=883  0\$aLanguage codes assigned by Bayesian analysis of words present in record$d20201028$qUk$c0.9010
=985  \\$aUpgraded by BSS-generated file for WR2011-1472
=CAT  \\$aWR13_071$b00$c20130610$lBLL01$h1613
=CAT  \\$aBATCH$b00$c20130610$lBLL01$h1613
=CAT  \\$aWR16_088$c20160606$lBLL01$h1632
=CAT  \\$aBATCH-UPD$b00$c20160606$lBLL01$h1635
=CAT  \\$aW1610-0368$c20161006$lBLL01$h0938
=CAT  \\$aW1606-1753$c20171028$lBLL01$h1352
=CAT  \\$aW2011-1472$b00$c20201127$lBLL01$h1833
=FIN  \\$aY$d20130610
=LAS  \\$aW2011-1472$b00$c20201127$lBLL01$h1833

