=LDR  03056 gm a2200469uu 4500
=001  016428182
=003  Uk
=005  20201127183327.0
=008  100813s9999\\\\xx\|||\|||||||||||mleng\d
=FMT  \\$a  VM
=035  \\$aASP1689426/ant1
=245  00$aThe King Does Not Lie
=260  \\$aNew York, NY$bFilmakers Library
=306  \\$a42 minutes
=490  0\$aEthnographic Video Online, Volume 1
=505  00$aRecorded in 1991
=520  3\$aThis film shows the Afro-Cuban religion, Santeria, whose New World practitioners have too often been maligned out of ignorance and prejudice and even harassed by authorities. In this intimate documentary we see a contemporary Puerto Rican community of "santeros" gather for the initiation of a priest of Shango, the "Thundergod" of the traditional Yoruba religion. As we follow the initiate through a series of ritual events, a new perspective on ancient rites is revealed. The religion originated in Africa and the chants are sung in Yoruba. Rituals like these are the basis of ceremonies performed in churches and temples of established religions. Sacred stones washed in sacred, leafy waters become the energy for ritual purification and empowerment. The anointment of head, feet and stones with the blood of sacrifice ensures atonement. On the third day the community gathers to witness the divination session in which the initiate receives his new name, "Oba Ko Puro", translated from Yoruba as "The King Does Not Lie." With the name, comes the story of the initiate's transfer of allegiance from an outer/worldly to inner/spiritual authority. Combining ritual narration with poetic translation from Lucumi/Yoruba chants provides the viewer with an understanding of the literal and figurative dimensions of the ceremony. A film of special interest to students of comparative religion, ritual, and Afro-Caribbean culture.
=546  \\$aIn English
=650  04$aPuerto Rican
=650  \4$aReligious faiths
=650  \4$aReligious rites and ceremonies
=650  \4$aReligion
=700  1\$aGleason, Judith.$4pro
=700  1\$aMereghetti, Elisa.$4pro
=700  1\$aGleason, Judith.$4aut
=700  1\$aCruz, Miriam.$4nrt
=700  1\$aMartinez, Teresita$4nrt
=700  1\$aRivela, Francisco.$4nrt
=773  0\$dNew York, NY : Filmakers Library
=856  40$uhttp://www.aspresolver.com/aspresolver.asp?ANTH;1689426$yAlexander Street Press Ethnographic Video Online
=859  \\$aORR$bAlexander Street Press
=883  0\$aLanguage codes assigned by Bayesian analysis of words present in record$d20201028$qUk$c0.9010
=985  \\$aUpgraded by BSS-generated file for WR2011-1472
=CAT  \\$aWR13_071$b00$c20130610$lBLL01$h1613
=CAT  \\$aBATCH$b00$c20130610$lBLL01$h1613
=CAT  \\$aWR16_088$c20160606$lBLL01$h1632
=CAT  \\$aBATCH-UPD$b00$c20160606$lBLL01$h1635
=CAT  \\$aW1610-0368$c20161006$lBLL01$h0938
=CAT  \\$aW1606-1753$c20171028$lBLL01$h1352
=CAT  \\$aW2011-1472$b00$c20201127$lBLL01$h1833
=FIN  \\$aY$d20130610
=LAS  \\$aW2011-1472$b00$c20201127$lBLL01$h1833

