=LDR  01403 gm a2200373uu 4500
=001  016428184
=003  Uk
=005  20201127183327.0
=008  100813s9999\\\\xx\|||\|||||||||||mleng\d
=FMT  \\$a  VM
=035  \\$aASP1871066/ant1
=245  00$aThe Knights of Ivory
=260  \\$aParis, France$bZED
=306  \\$a4 minutes
=490  0\$aEthnographic Video Online, Volume 1
=505  00$aOnce upon a time is a collection of short stories filmed around the world on men and their extraordinary adventures in nature.
=546  \\$aIn English
=650  04$aMnong
=650  \4$aCultural identity
=650  \4$aTribal and national groups
=650  \4$aElephants
=773  0\$dParis, France : ZED
=856  40$uhttp://www.aspresolver.com/aspresolver.asp?ANTH;1871066$yAlexander Street Press Ethnographic Video Online
=859  \\$aORR$bAlexander Street Press
=883  0\$aLanguage codes assigned by Bayesian analysis of words present in record$d20201028$qUk$c0.9010
=985  \\$aUpgraded by BSS-generated file for WR2011-1472
=CAT  \\$aWR13_071$b00$c20130610$lBLL01$h1613
=CAT  \\$aBATCH$b00$c20130610$lBLL01$h1613
=CAT  \\$aWR16_088$c20160606$lBLL01$h1632
=CAT  \\$aW1610-0368$c20161006$lBLL01$h0938
=CAT  \\$aW1606-1753$c20171028$lBLL01$h1352
=CAT  \\$aW2011-1472$b00$c20201127$lBLL01$h1833
=FIN  \\$aY$d20130610
=LAS  \\$aW2011-1472$b00$c20201127$lBLL01$h1833

