=LDR  02014 gm a2200481uu 4500
=001  016428186
=003  Uk
=005  20201127183327.0
=008  100813s1994\\\\xx\|||\|||||||||||mleng\d
=FMT  \\$a  VM
=035  \\$aASP764868/ant1
=245  00$aK'Sai Chivit: Threads of Life
=260  \\$aWatertown, MA$bDocumentary Educational Resources (DER)$c1994
=306  \\$a20 minutes
=490  0\$aEthnographic Video Online, Volume 1
=505  00$aK'Sai Chivit: Threads of Life documents the ancient art form of Khmer silk weaving and its place in Cambodian society today. For over a thousand years, Cambodian weavers have been producing a variety of elegant silks, however current societal hardships Cambodians face have dramatically hindered this production.
=546  \\$aIn English
=650  04$aCambodian
=650  \4$aEconomics
=650  \4$aEducation
=650  \4$aCultural change and history
=650  \4$aCultural identity
=650  \4$aWeaving
=650  \4$aCrafts
=700  1\$aFeingold, David, Ph. D.$4pro
=700  1\$aFeingold, David, Ph. D.$4aut
=700  1\$aFeingold, David, Ph. D.$4drt
=700  1\$aLao, Um$4oth
=700  1\$aPeters, Heather.$4nrt
=773  0\$dWatertown, MA : Documentary Educational Resources (DER), 1994
=856  40$uhttp://www.aspresolver.com/aspresolver.asp?ANTH;764868$yAlexander Street Press Ethnographic Video Online
=859  \\$aORR$bAlexander Street Press
=883  0\$aLanguage codes assigned by Bayesian analysis of words present in record$d20201028$qUk$c0.9010
=985  \\$aUpgraded by BSS-generated file for WR2011-1472
=CAT  \\$aWR13_071$b00$c20130610$lBLL01$h1613
=CAT  \\$aBATCH$b00$c20130610$lBLL01$h1613
=CAT  \\$aWR16_088$c20160606$lBLL01$h1632
=CAT  \\$aBATCH-UPD$b00$c20160606$lBLL01$h1635
=CAT  \\$aW1610-0368$c20161006$lBLL01$h0938
=CAT  \\$aW1606-1753$c20171028$lBLL01$h1352
=CAT  \\$aW2011-1472$b00$c20201127$lBLL01$h1833
=FIN  \\$aY$d20130610
=LAS  \\$aW2011-1472$b00$c20201127$lBLL01$h1833

