=LDR  02048 gm a2200517uu 4500
=001  016428187
=003  Uk
=005  20201127183327.0
=008  100813s1972\\\\xx\|||\|||||||||||mleng\d
=FMT  \\$a  VM
=035  \\$aASP764340/ant1
=245  00$a!Kung Bushmen Hunting Equipment
=260  \\$aWatertown, MA$bDocumentary Educational Resources (DER)$c1972
=306  \\$a38 minutes
=490  0\$aEthnographic Video Online, Volume 1
=505  00$aRecorded in 1953
=520  3\$aThis film shows in detail all the pieces in the Ju/'hoan hunting kit and how each piece is made and used, from the collection of the raw materials to the final fabrication, including the preparation of poison arrows.
=546  \\$aIn English
=650  04$a!Kung
=650  04$aJu/'hoansi
=650  \4$aPoisons
=650  \4$aBows and arrows
=650  \4$aTribal and national groups
=650  \4$aTools
=650  \4$aHunting
=650  \4$aScience and Technology
=700  1\$aMarshall, John,$d1932-2005$4pro
=700  1\$aMarshall, John,$d1932-2005$4aut
=700  1\$aGalvin, Frank$4drt
=700  1\$aMarshall, John,$d1932-2005$4drt
=700  1\$aMarshall, Lorna J.$4drt
=773  0\$dWatertown, MA : Documentary Educational Resources (DER), 1972
=856  40$uhttp://www.aspresolver.com/aspresolver.asp?ANTH;764340$yAlexander Street Press Ethnographic Video Online
=859  \\$aORR$bAlexander Street Press
=883  0\$aLanguage codes assigned by Bayesian analysis of words present in record$d20201028$qUk$c0.9010
=985  \\$aUpgraded by BSS-generated file for WR2011-1472
=CAT  \\$aWR13_071$b00$c20130610$lBLL01$h1613
=CAT  \\$aBATCH$b00$c20130610$lBLL01$h1613
=CAT  \\$a7416$b40$c20150203$lBLL01$h1147
=CAT  \\$aBATCH-UPD$b40$c20150203$lBLL01$h1147
=CAT  \\$aWR16_088$c20160606$lBLL01$h1632
=CAT  \\$aW1610-0368$c20161006$lBLL01$h0938
=CAT  \\$aW1606-1753$c20171028$lBLL01$h1352
=CAT  \\$aW2011-1472$b00$c20201127$lBLL01$h1833
=FIN  \\$aY$d20130610
=LAS  \\$aW2011-1472$b00$c20201127$lBLL01$h1833

