=LDR  02365 gm a2200553uu 4500
=001  016428188
=003  Uk
=005  20201127183327.0
=008  100813s1988\\\\xx\|||\|||||||||||mleng\d
=FMT  \\$a  VM
=035  \\$aASP765314/ant1
=245  00$aThe !Kung San: Resettlement
=260  \\$aWatertown, MA$bDocumentary Educational Resources (DER)$c1988
=306  \\$a22 minutes
=490  0\$aEthnographic Video Online, Volume 1
=505  00$aIn comparison to !Kung San: Traditional Life, this video shows some of the dramatic changes in life-style that Ju/'hoansi had experienced by 1986. No longer able to rely on hunting and gathering for subsistence, Ju/'hoansi collect mealie meal welfare, spend money earned from army jobs on alcohol and consumer goods, and live in a crowded area with increased fighting and illness.
=546  \\$aIn English
=650  04$a!Kung
=650  04$aJu/'hoansi
=650  \4$aEconomics
=650  \4$aWater supply
=650  \4$aLand redistribution
=650  \4$aPolitics
=650  \4$aCultural change and history
=650  \4$aCultural identity
=650  \4$aTribal and national groups
=700  1\$aMarshall, John,$d1932-2005$4pro
=700  1\$aMarshall, John,$d1932-2005$4aut
=700  1\$aRitchie, Claire.$4aut
=700  1\$aMarshall, John,$d1932-2005$4drt
=700  1\$aKommtsa, N!ae$4oth
=700  1\$a≠Oma, Tsamkxao$4oth
=700  1\$aMarshall, John,$d1932-2005$4nrt
=773  0\$dWatertown, MA : Documentary Educational Resources (DER), 1988
=856  40$uhttp://www.aspresolver.com/aspresolver.asp?ANTH;765314$yAlexander Street Press Ethnographic Video Online
=859  \\$aORR$bAlexander Street Press
=883  0\$aLanguage codes assigned by Bayesian analysis of words present in record$d20201028$qUk$c0.9010
=985  \\$aUpgraded by BSS-generated file for WR2011-1472
=CAT  \\$aWR13_071$b00$c20130610$lBLL01$h1613
=CAT  \\$aBATCH$b00$c20130610$lBLL01$h1613
=CAT  \\$a7416$b40$c20150203$lBLL01$h1147
=CAT  \\$aBATCH-UPD$b40$c20150203$lBLL01$h1147
=CAT  \\$aWR16_088$c20160606$lBLL01$h1632
=CAT  \\$aBATCH-UPD$b00$c20160606$lBLL01$h1635
=CAT  \\$aW1610-0368$c20161006$lBLL01$h0938
=CAT  \\$aW1606-1753$c20171028$lBLL01$h1352
=CAT  \\$aW2011-1472$b00$c20201127$lBLL01$h1833
=FIN  \\$aY$d20130610
=LAS  \\$aW2011-1472$b00$c20201127$lBLL01$h1833

