=LDR  02111 gm a2200505uu 4500
=001  016428189
=003  Uk
=005  20201127183327.0
=008  100813s1987\\\\xx\|||\|||||||||||mleng\d
=FMT  \\$a  VM
=035  \\$aASP765316/ant1
=245  00$aThe !Kung San: Traditional Life
=260  \\$aWatertown, MA$bDocumentary Educational Resources (DER)$c1987
=306  \\$a26 minutes
=490  0\$aEthnographic Video Online, Volume 1
=505  00$aThis video depicts traditional Ju/'hoan life by using vignettes from longer films in the !Kung San series. Footage selected shows tool-making technology, hunting and gathering, social life and children at play, and gives the viewer a feel for the vastness and beauty of the Nyae Nyae region of the Kalahari Desert.
=546  \\$aIn English
=650  04$a!Kung
=650  04$aJu/'hoansi
=650  \4$aTools
=650  \4$aForaging
=650  \4$aHunting
=650  \4$aRural population
=650  \4$aDaily life
=650  \4$aTribal and national groups
=700  1\$aMarshall, John,$d1932-2005$4pro
=700  1\$aMarshall, John,$d1932-2005$4aut
=700  1\$aMarshall, John,$d1932-2005$4drt
=700  1\$aKommtsa, N!ae$4oth
=700  1\$aMarshall, John,$d1932-2005$4oth
=773  0\$dWatertown, MA : Documentary Educational Resources (DER), 1987
=856  40$uhttp://www.aspresolver.com/aspresolver.asp?ANTH;765316$yAlexander Street Press Ethnographic Video Online
=859  \\$aORR$bAlexander Street Press
=883  0\$aLanguage codes assigned by Bayesian analysis of words present in record$d20201028$qUk$c0.9010
=985  \\$aUpgraded by BSS-generated file for WR2011-1472
=CAT  \\$aWR13_071$b00$c20130610$lBLL01$h1613
=CAT  \\$aBATCH$b00$c20130610$lBLL01$h1613
=CAT  \\$a7416$b40$c20150203$lBLL01$h1147
=CAT  \\$aBATCH-UPD$b40$c20150203$lBLL01$h1147
=CAT  \\$aWR16_088$c20160606$lBLL01$h1632
=CAT  \\$aW1610-0368$c20161006$lBLL01$h0938
=CAT  \\$aW1606-1753$c20171028$lBLL01$h1352
=CAT  \\$aW2011-1472$b00$c20201127$lBLL01$h1833
=FIN  \\$aY$d20130610
=LAS  \\$aW2011-1472$b00$c20201127$lBLL01$h1833

