=LDR  02313 gm a2200577uu 4500
=001  016428190
=003  Uk
=005  20201127183327.0
=008  100813s2001\\\\xx\|||\|||||||||||mleng\d
=FMT  \\$a  VM
=035  \\$aASP764870/ant1
=245  00$aKuo Hina E Hiapo: The Mulberry is White and Ready for Harvest
=260  \\$aWatertown, MA$bDocumentary Educational Resources (DER)$c2001
=306  \\$a27 minutes
=490  0\$aEthnographic Video Online, Volume 1
=505  00$aTapa cloth or ngatu as it is called in Tonga, is cloth made from the bark of the mulberry tree. The inner bark is beaten into fine sheets and painted using traditional designs. After centuries of use, ngatu has literally become the fabric of Tongan society.
=546  \\$aIn English, Subtitles in English
=650  04$aTongan
=650  \4$aCultural change and history
=650  \4$aWomen
=650  \4$aGender roles
=650  \4$aTrees
=650  \4$aCloth
=650  \4$aTribal and national groups
=700  1\$aOstraff, Joseph$4pro
=700  1\$aOstraff, Melinda.$4pro
=700  1\$aVan Wagenen, Michael.$4pro
=700  1\$aOstraff, Joseph$4aut
=700  1\$aOstraff, Melinda.$4aut
=700  1\$aVan Wagenen, Michael.$4aut
=700  1\$aOstraff, Joseph$4drt
=700  1\$aOstraff, Melinda.$4drt
=700  1\$aMiko, Hingano$4oth
=700  1\$aMiko, Mele$4oth
=700  1\$aMiko, Vokisi$4oth
=700  1\$aNiumeitolu, Sauliloa$4oth
=700  1\$aSaafi, Loa Niumeitolu$4nrt
=773  0\$dWatertown, MA : Documentary Educational Resources (DER), 2001
=856  40$uhttp://www.aspresolver.com/aspresolver.asp?ANTH;764870$yAlexander Street Press Ethnographic Video Online
=859  \\$aORR$bAlexander Street Press
=883  0\$aLanguage codes assigned by Bayesian analysis of words present in record$d20201028$qUk$c0.9010
=985  \\$aUpgraded by BSS-generated file for WR2011-1472
=CAT  \\$aWR13_071$b00$c20130610$lBLL01$h1613
=CAT  \\$aBATCH$b00$c20130610$lBLL01$h1613
=CAT  \\$aWR16_088$c20160606$lBLL01$h1632
=CAT  \\$aBATCH-UPD$b00$c20160606$lBLL01$h1635
=CAT  \\$aW1610-0368$c20161006$lBLL01$h0938
=CAT  \\$aW1606-1753$c20171028$lBLL01$h1352
=CAT  \\$aW2011-1472$b00$c20201127$lBLL01$h1833
=FIN  \\$aY$d20130610
=LAS  \\$aW2011-1472$b00$c20201127$lBLL01$h1833

