=LDR  02314 gm a2200505uu 4500
=001  016428191
=003  Uk
=005  20201127183327.0
=008  100813s2003\\\\xx\|||\|||||||||||mleng\d
=FMT  \\$a  VM
=035  \\$aASP764872/ant1
=245  00$aKurtal - Snake Spirit
=260  \\$aWatertown, MA$bDocumentary Educational Resources (DER)$c2003
=306  \\$a28 minutes
=490  0\$aEthnographic Video Online, Volume 1
=505  00$aKurtal - Snake Spirit tells the story of Spider, a sprightly 80 year old Aboriginal elder who travels from Fitzroy Crossing into the Great Sandy Desert of Western Australia to visit a jila - a sacred waterhole. Spider is one of the main custodians responsible for the practices that take place there. For the first time, he is taking his family and community elders back to his birthplace, where he will communicate with their ancestors through Kurtal, the Snake Spirit in an ancient ritual.
=546  \\$aIn English, Subtitles in English
=650  04$aAustralian Aboriginal
=650  \4$aMyths and legends
=650  \4$aReligious rites and ceremonies
=650  \4$aTribal and national groups
=650  \4$aCultural identity
=700  1\$aMa, Nicole.$4pro
=700  1\$aMa, Nicole.$4aut
=700  1\$aMahrer, Michelle.$4drt
=700  1\$aMa, Nicole.$4drt
=700  1\$aLawford, Tom$4oth
=700  1\$aSnell, Dolly$4oth
=700  1\$aSnell, Dorothy$4oth
=700  1\$aSnell, Spider$4oth
=700  1\$aVachon, Daniel.$4ctb
=773  0\$dWatertown, MA : Documentary Educational Resources (DER), 2003
=856  40$uhttp://www.aspresolver.com/aspresolver.asp?ANTH;764872$yAlexander Street Press Ethnographic Video Online
=859  \\$aORR$bAlexander Street Press
=883  0\$aLanguage codes assigned by Bayesian analysis of words present in record$d20201028$qUk$c0.9010
=985  \\$aUpgraded by BSS-generated file for WR2011-1472
=CAT  \\$aWR13_071$b00$c20130610$lBLL01$h1613
=CAT  \\$aBATCH$b00$c20130610$lBLL01$h1613
=CAT  \\$aWR16_088$c20160606$lBLL01$h1632
=CAT  \\$aBATCH-UPD$b00$c20160606$lBLL01$h1635
=CAT  \\$aW1610-0368$c20161006$lBLL01$h0938
=CAT  \\$aW1606-1753$c20171028$lBLL01$h1352
=CAT  \\$aW2011-1472$b00$c20201127$lBLL01$h1833
=FIN  \\$aY$d20130610
=LAS  \\$aW2011-1472$b00$c20201127$lBLL01$h1833

