=LDR  03102 gm a2200517uu 4500
=001  016428192
=003  Uk
=005  20201127183327.0
=008  100813s9999\\\\xx\|||\|||||||||||mleng\d
=FMT  \\$a  VM
=035  \\$aASP1689428/ant1
=245  00$aThe Lacandon Maya
=260  \\$aNew York, NY$bFilmakers Library
=306  \\$a47 minutes
=490  0\$aEthnographic Video Online, Volume 1
=505  00$aInterweaving past and present and combining fabulous archival film and photographs with current documentary footage, The Lacandon Maya tells the story of an isolated community catapulted into civilization within the space of one generation. In 1960 Collin Hanney, an explorer, discovered an isolated group of Mayan Indians who 400 years earlier had fled into the Mexican jungle to escape the Spanish invasion. His discovery thrust the Indians into the modern world. Now Hanney's widow returns to the group to see how they have fared and to show them the photos and films Hanney shot when he first encountered them. The film combines the widow's pilgrimage with the story of one of the sons of a Mayan wise man encountered by Hanney, who pays homage to his father. We learn how the tribe has struggled to keep their culture and language alive, and how they are combating the exploitation of their raw materials and the influx of outsiders. Besides these challenges there is also the effect of access to education and technology on the younger generation. The film provides insight into the history and mythology of the Lacandon, whose stories even foretold the impact of the destruction of the rain forest on the whole world. It eloquently captures the conflicting values of ancient civilizations and the modern world.
=546  \\$aIn English
=650  04$aLacandÃ³n
=650  04$aMaya
=650  \4$aInvasions
=650  \4$aCultural assimilation
=650  \4$aArchaeological sites
=650  \4$aCultural identity
=650  \4$aCultural change and history
=700  1\$aPryor, Hilary.$4pro
=700  1\$aHanney, Shendra.$4aut
=700  1\$aPryor, Hilary.$4aut
=700  1\$aPryor, Hilary.$4drt
=700  1\$aGarcia, K'ayum Ma'ax$4oth
=700  1\$aJones, Benjamin$4nrt
=773  0\$dNew York, NY : Filmakers Library
=856  40$uhttp://www.aspresolver.com/aspresolver.asp?ANTH;1689428$yAlexander Street Press Ethnographic Video Online
=859  \\$aORR$bAlexander Street Press
=883  0\$aLanguage codes assigned by Bayesian analysis of words present in record$d20201028$qUk$c0.9010
=985  \\$aUpgraded by BSS-generated file for WR2011-1472
=CAT  \\$aWR13_071$b00$c20130610$lBLL01$h1613
=CAT  \\$aBATCH$b00$c20130610$lBLL01$h1613
=CAT  \\$aBATCH-UPD$b00$c20131122$lBLL01$h2118
=CAT  \\$a10743$b40$c20131126$lBLL01$h1248
=CAT  \\$aWR16_088$c20160606$lBLL01$h1632
=CAT  \\$aBATCH-UPD$b00$c20160606$lBLL01$h1635
=CAT  \\$aW1610-0368$c20161006$lBLL01$h0938
=CAT  \\$aW1606-1753$c20171028$lBLL01$h1352
=CAT  \\$aW2011-1472$b00$c20201127$lBLL01$h1833
=FIN  \\$aY$d20130610
=LAS  \\$aW2011-1472$b00$c20201127$lBLL01$h1833

