=LDR  02084 gm a2200529uu 4500
=001  016428193
=003  Uk
=005  20201127183327.0
=008  100813s9999\\\\xx\|||\|||||||||||mleng\d
=FMT  \\$a  VM
=035  \\$aASP1689346/ant1
=245  00$aLady Warriors
=260  \\$aNew York, NY$bFilmakers Library
=306  \\$a90 minutes
=490  0\$aEthnographic Video Online, Volume 1
=505  00$aIn addition to their stories are brief glimpses of Hopi and Navajo life. Sequences include scenes shot on the Hopi reservation as well as a Navajo puberty ceremony. This award winning film is about the will to succeed, about the importance of age-old traditions and the struggles of minority girls to grow up in today's America.
=546  \\$aIn English, Subtitles in English
=650  04$aNavajo
=650  04$aHopi
=650  \4$aAthletic events
=650  \4$aCultural identity
=650  \4$aAdolescents
=650  \4$aSports
=700  1\$aGoheen, John$4pro
=700  1\$aTurnley, David$4pro
=700  1\$aGoheen, John$4aut
=700  1\$aGoheen, John$4drt
=700  1\$aBegay, Christina$4oth
=700  1\$aDugi, Crystal$4oth
=700  1\$aHonahnie, Ciji$4oth
=700  1\$aLomakema, Jayme$4oth
=700  1\$aRiggs, Bitsy$4oth
=700  1\$aSeweingyawma, Khrysten$4oth
=700  1\$aTewawina, Milfred$4oth
=773  0\$dNew York, NY : Filmakers Library
=856  40$uhttp://www.aspresolver.com/aspresolver.asp?ANTH;1689346$yAlexander Street Press Ethnographic Video Online
=859  \\$aORR$bAlexander Street Press
=883  0\$aLanguage codes assigned by Bayesian analysis of words present in record$d20201028$qUk$c0.9010
=985  \\$aUpgraded by BSS-generated file for WR2011-1472
=CAT  \\$aWR13_071$b00$c20130610$lBLL01$h1613
=CAT  \\$aBATCH$b00$c20130610$lBLL01$h1613
=CAT  \\$aWR16_088$c20160606$lBLL01$h1632
=CAT  \\$aW1610-0368$c20161006$lBLL01$h0938
=CAT  \\$aW1606-1753$c20171028$lBLL01$h1352
=CAT  \\$aW2011-1472$b00$c20201127$lBLL01$h1833
=FIN  \\$aY$d20130610
=LAS  \\$aW2011-1472$b00$c20201127$lBLL01$h1833

