=LDR  02058 gm a2200493uu 4500
=001  016428194
=003  Uk
=005  20201127183327.0
=008  100813s1972\\\\xx\|||\|||||||||||mleng\d
=FMT  \\$a  VM
=035  \\$aASP764876/ant1
=245  00$aLand-divers of Melanesia
=260  \\$aWatertown, MA$bDocumentary Educational Resources (DER)$c1972
=306  \\$a34 minutes
=490  0\$aEthnographic Video Online, Volume 1
=505  00$aOn the island of Pentecost in the New Hebrides archipelago, a few hundred Melanesians maintain a traditional life thanks to their geographic isolation and to the leaders who have resisted Christianity, schools and cooperatives. Bunlap, where this film was shot, is the largest and most important community of these people.
=546  \\$aIn English
=650  04$aMelanesian
=650  \4$aReligious rites and ceremonies
=650  \4$aMyths and legends
=650  \4$aCircumcisions
=650  \4$aGender roles
=650  \4$aLocal customs
=650  \4$aTribal and national groups
=650  \4$aCultural identity
=700  1\$aGardner, Robert.$4pro
=700  1\$aMuller, Kal$4pro
=700  1\$aMuller, Kal$4aut
=700  1\$aMuller, Kal$4drt
=700  1\$aMuller, Kal$4nrt
=773  0\$dWatertown, MA : Documentary Educational Resources (DER), 1972
=856  40$uhttp://www.aspresolver.com/aspresolver.asp?ANTH;764876$yAlexander Street Press Ethnographic Video Online
=859  \\$aORR$bAlexander Street Press
=883  0\$aLanguage codes assigned by Bayesian analysis of words present in record$d20201028$qUk$c0.9010
=985  \\$aUpgraded by BSS-generated file for WR2011-1472
=CAT  \\$aWR13_071$b00$c20130610$lBLL01$h1613
=CAT  \\$aBATCH$b00$c20130610$lBLL01$h1613
=CAT  \\$aWR16_088$c20160606$lBLL01$h1632
=CAT  \\$aBATCH-UPD$b00$c20160606$lBLL01$h1635
=CAT  \\$aW1610-0368$c20161006$lBLL01$h0938
=CAT  \\$aW1606-1753$c20171028$lBLL01$h1352
=CAT  \\$aW2011-1472$b00$c20201127$lBLL01$h1833
=FIN  \\$aY$d20130610
=LAS  \\$aW2011-1472$b00$c20201127$lBLL01$h1833

