=LDR  01629 gm a2200457uu 4500
=001  016428195
=003  Uk
=005  20201127183327.0
=008  100813s2005\\\\xx\|||\|||||||||||mleng\d
=FMT  \\$a  VM
=035  \\$aASP1659339/ant1
=245  00$aThe Language of the Seeds
=246  13$aLanguage of the Seeds
=260  \\$aTepoztlán, Morelos, México$bEthnoscope$c2005
=306  \\$a19 minutes
=490  0\$aEthnographic Video Online, Volume 1
=505  00$aMexican
=650  \4$aMerchants
=650  \4$aCultural identity
=650  \4$aCustoms
=650  \4$aArt
=700  1\$aLane, Bruce.$4pro
=700  1\$aLane, Bruce.$4aut
=700  1\$aCarrillo, Rafael.$4oth
=700  1\$aDeMesa, Arturo$4oth
=700  1\$aWahrhaftig, Albert$4ctb
=773  0\$dTepoztlán, Morelos, México : Ethnoscope, 2005
=856  40$uhttp://www.aspresolver.com/aspresolver.asp?ANTH;1659339$yAlexander Street Press Ethnographic Video Online
=859  \\$aORR$bAlexander Street Press
=883  0\$aLanguage codes assigned by Bayesian analysis of words present in record$d20201028$qUk$c0.9010
=985  \\$aUpgraded by BSS-generated file for WR2011-1472
=CAT  \\$aWR13_071$b00$c20130610$lBLL01$h1613
=CAT  \\$aBATCH$b00$c20130610$lBLL01$h1613
=CAT  \\$aBATCH-UPD$b00$c20141221$lBLL01$h1553
=CAT  \\$aWR16_088$c20160606$lBLL01$h1632
=CAT  \\$aBATCH-UPD$b00$c20160606$lBLL01$h1635
=CAT  \\$aW1610-0368$c20161006$lBLL01$h0938
=CAT  \\$aW1606-1753$c20171028$lBLL01$h1352
=CAT  \\$aW2011-1472$b00$c20201127$lBLL01$h1833
=FIN  \\$aY$d20130610
=LAS  \\$aW2011-1472$b00$c20201127$lBLL01$h1833

