=LDR  02133 gm a2200421uu 4500
=001  016428196
=003  Uk
=005  20201127183327.0
=008  100813s9999\\\\xx\|||\|||||||||||mleng\d
=FMT  \\$a  VM
=035  \\$aASP1785489/ant1
=245  00$aLanguages Lost and Found: Speaking & Whistling the Mamma Tongue
=260  \\$aNew York, NY$bFilmakers Library
=306  \\$a27 minutes
=490  0\$aEthnographic Video Online, Volume 1
=520  3\$aThis richly illustrated short film celebrates diverse linguistic and cultural practices from around the world. In footage spanning five continents - from rainforest longhouses in Borneo to dramatic mountaintops in the Canary Islands-dynamic visions of art, music and dance are woven into a vivid global mosaic.It makes the point that the way we think, speak, and express our ideas is a reflection of our language. The film reminds us of how quickly some languages are disappearing while introducing the native tongue as an all-important vehicle for maintaining culture, sharing traditional wisdom, and envisioning the future.
=546  \\$aIn English
=650  \4$aLinguistics
=650  \4$aLanguage
=700  1\$aBrooks, Iris.$4pro
=700  1\$aDavis, Jon H.$4pro
=700  1\$aBrooks, Iris.$4drt
=700  1\$aDavis, Jon H.$4drt
=700  1\$aHurt, William.$4nrt
=773  0\$dNew York, NY : Filmakers Library
=856  40$uhttp://www.aspresolver.com/aspresolver.asp?ANTH;1785489$yAlexander Street Press Ethnographic Video Online
=859  \\$aORR$bAlexander Street Press
=883  0\$aLanguage codes assigned by Bayesian analysis of words present in record$d20201028$qUk$c0.9010
=985  \\$aUpgraded by BSS-generated file for WR2011-1472
=CAT  \\$aWR13_071$b00$c20130610$lBLL01$h1613
=CAT  \\$aBATCH$b00$c20130610$lBLL01$h1613
=CAT  \\$aWR16_088$c20160606$lBLL01$h1632
=CAT  \\$aBATCH-UPD$b00$c20160606$lBLL01$h1635
=CAT  \\$aW1610-0368$c20161006$lBLL01$h0938
=CAT  \\$aW1606-1753$c20171028$lBLL01$h1352
=CAT  \\$aW2011-1472$b00$c20201127$lBLL01$h1833
=FIN  \\$aY$d20130610
=LAS  \\$aW2011-1472$b00$c20201127$lBLL01$h1833

