=LDR  02526 gm a2200565uu 4500
=001  016428198
=003  Uk
=005  20201127183327.0
=008  100813s2007\\\\xx\|||\|||||||||||mleng\d
=FMT  \\$a  VM
=035  \\$aASP765390/ant1
=245  00$aThe Last Kamikaze: Testimonials from WWII Suicide Pilots
=260  \\$aWatertown, MA$bDocumentary Educational Resources (DER)$c2007
=306  \\$a63 minutes
=490  0\$aEthnographic Video Online, Volume 1
=505  00$aThis film explores the minds of former suicide bombers who participated in the first well-orchestrated suicide mission in modern history, the one carried out by the air arm of the Imperial Japanese Navy during WWII. Although in the beginning, these suicide pilots were university graduates and intellectual elites in their 20s, by 1942 the Navy was aggressively recruiting a large number of boys who were only in their low teens. Fortunately, some never flew their final suicide mission because the war ended before it was their turn to fly out.
=546  \\$aIn English
=650  04$aJapanese
=650  \4$aSuicides
=650  \4$aPatriotism
=650  \4$aCultural change and history
=650  \4$aWar
=650  \4$aPilots
=700  1\$aTakahashi, Masami.$4pro
=700  1\$aTakahashi, Masami.$4aut
=700  1\$aTakahashi, Masami.$4drt
=700  1\$aHayashi, Senri$4oth
=700  1\$aKawasaki, Harumi$4oth
=700  1\$aNaganuma, Takeji$4oth
=700  1\$aTohata, Mikiei$4oth
=700  1\$aTsuruta, Jyurou$4oth
=700  1\$aYonezawa, Yoshio$4oth
=700  1\$aYoshida, Jiro.$4oth
=700  1\$aGaskins, Suzanne.$4nrt
=700  1\$aParker, John.$4nrt
=700  1\$aTakahashi, Masami.$4nrt
=773  0\$dWatertown, MA : Documentary Educational Resources (DER), 2007
=856  40$uhttp://www.aspresolver.com/aspresolver.asp?ANTH;765390$yAlexander Street Press Ethnographic Video Online
=859  \\$aORR$bAlexander Street Press
=883  0\$aLanguage codes assigned by Bayesian analysis of words present in record$d20201028$qUk$c0.9010
=985  \\$aUpgraded by BSS-generated file for WR2011-1472
=CAT  \\$aWR13_071$b00$c20130610$lBLL01$h1613
=CAT  \\$aBATCH$b00$c20130610$lBLL01$h1613
=CAT  \\$aWR16_088$c20160606$lBLL01$h1632
=CAT  \\$aBATCH-UPD$b00$c20160606$lBLL01$h1635
=CAT  \\$aW1610-0368$c20161006$lBLL01$h0938
=CAT  \\$aW1606-1753$c20171028$lBLL01$h1352
=CAT  \\$aW2011-1472$b00$c20201127$lBLL01$h1833
=FIN  \\$aY$d20130610
=LAS  \\$aW2011-1472$b00$c20201127$lBLL01$h1833

