=LDR  02049 gm a2200409uu 4500
=001  016428199
=003  Uk
=005  20201127183327.0
=008  100813s1991\\\\xx\|||\|||||||||||mleng\d
=FMT  \\$a  VM
=035  \\$aASP1869255/ant1
=245  00$aLast Pit in the Rhondda: The Final Cut
=260  \\$aLondon, United Kingdom$bBritish Broadcasting Corporation (BBC)$c1991
=306  \\$a49 minutes
=490  0\$aEthnographic Video Online, Volume 1
=505  00$aLooks at the closure of the Mardy Colliery in the Rhondda valley and how this affects the community. It considers the prospects for the miners that no longer have jobs, and also looks at the closeness of the community from which they come and the support and fellowship of their wives and women, and the major part the latter played in supporting them in the 1984/85 miner's strike. It also considers the men's attitudes towards their wives working and being the main bread-winners in a community which had previous traditional attitudes of men being the main provider for the family.
=546  \\$aIn English
=650  04$aWelsh
=650  \4$aMarital relations
=650  \4$aCommunity relations
=650  \4$aMiners
=650  \4$aCoal
=650  \4$aStrikes
=700  1\$aHead, Joanna$4pro
=773  0\$dLondon, United Kingdom : British Broadcasting Corporation (BBC), 1991
=856  40$uhttp://www.aspresolver.com/aspresolver.asp?ANTH;1869255$yAlexander Street Press Ethnographic Video Online
=859  \\$aORR$bAlexander Street Press
=883  0\$aLanguage codes assigned by Bayesian analysis of words present in record$d20201028$qUk$c0.9010
=985  \\$aUpgraded by BSS-generated file for WR2011-1472
=CAT  \\$aWR13_071$b00$c20130610$lBLL01$h1613
=CAT  \\$aBATCH$b00$c20130610$lBLL01$h1613
=CAT  \\$aWR16_088$c20160606$lBLL01$h1632
=CAT  \\$aW1610-0368$c20161006$lBLL01$h0938
=CAT  \\$aW1606-1753$c20171028$lBLL01$h1352
=CAT  \\$aW2011-1472$b00$c20201127$lBLL01$h1833
=FIN  \\$aY$d20130610
=LAS  \\$aW2011-1472$b00$c20201127$lBLL01$h1833

