=LDR  02790 gm a2200481uu 4500
=001  016428200
=003  Uk
=005  20201127183327.0
=008  100813s1994\\\\xx\|||\|||||||||||mleng\d
=FMT  \\$a  VM
=035  \\$aASP1689433/ant1
=245  00$aThe Last Refuge: The Aetas of The Philippines
=260  \\$aNew York, NY$bFilmakers Library$c1994
=306  \\$a51 minutes
=490  0\$aEthnographic Video Online, Volume 1
=505  00$aRelegated to remote reservations on the rugged slopes of Mt. Pinatuba, the Aetas, the original inhabitants of the Phillipines have battled lowland expansion, commercial logging, and increasing encroachment on their ancestral land. They are struggling to survive and to preserve their ancestral culture. The Last Refuge was conceptualized in collaboration with anthropologist Dr. Ruffino Tima. It traces the history of this endangered tribe. They were hunted down and killed as "uncivilized savages" by the Spanish colonizers who sought their eradication, and were exploited as slaves by their lowland Malay counterparts. Rare archival footage documents life on the reservation that the Americans created to provide a sanctuary for these "non-Christian" people. The Americans tapped their jungle skills as guerrilla fighters during World War II. The Last Refuge presents the only footage available of tribal life before Mt. Pinatubo's devastating volcanic eruption, and track's the Aetas as they cope with the obliteration of this mountain sanctuary, their last refuge.
=546  \\$aIn English, Subtitles in English
=650  04$aAeta
=650  \4$aVolcanoes
=650  \4$aCultural identity
=650  \4$aCultural change and history
=650  \4$aProperty rights
=650  \4$aCultural assimilation
=650  \4$aTribal and national groups
=700  1\$aWeisman, David.$4pro
=700  1\$aWestfall, Matthew.$4pro
=700  1\$aWestfall, Matthew.$4aut
=700  1\$aWestfall, Matthew.$4drt
=700  1\$aOgelsby, Randy$4nrt
=773  0\$dNew York, NY : Filmakers Library, 1994
=856  40$uhttp://www.aspresolver.com/aspresolver.asp?ANTH;1689433$yAlexander Street Press Ethnographic Video Online
=859  \\$aORR$bAlexander Street Press
=883  0\$aLanguage codes assigned by Bayesian analysis of words present in record$d20201028$qUk$c0.9010
=985  \\$aUpgraded by BSS-generated file for WR2011-1472
=CAT  \\$aWR13_071$b00$c20130610$lBLL01$h1613
=CAT  \\$aBATCH$b00$c20130610$lBLL01$h1613
=CAT  \\$aWR16_088$c20160606$lBLL01$h1632
=CAT  \\$aBATCH-UPD$b00$c20160606$lBLL01$h1635
=CAT  \\$aW1610-0368$c20161006$lBLL01$h0938
=CAT  \\$aW1606-1753$c20171028$lBLL01$h1352
=CAT  \\$aW2011-1472$b00$c20201127$lBLL01$h1833
=FIN  \\$aY$d20130610
=LAS  \\$aW2011-1472$b00$c20201127$lBLL01$h1833

