=LDR  02312 gm a2200469uu 4500
=001  016428201
=003  Uk
=005  20201127183327.0
=008  100813s2007\\\\xx\|||\|||||||||||mleng\d
=FMT  \\$a  VM
=035  \\$aASP765392/ant1
=245  00$aThe Last Rites of the Honourable Mr. Rai
=260  \\$aWatertown, MA$bDocumentary Educational Resources (DER)$c2007
=306  \\$a47 minutes
=490  0\$aEthnographic Video Online, Volume 1
=505  00$aThe Last Rites of the Honourable Mr. Rai is a film about the cremation of a longtime resident of the holy city of Varanasi. This film, made at the request of the Rai family, is possibly the most detailed and respectful study of the Hindu rites of cremation on the sacred banks of the river Ganga at the historic Harish Chandra Ghat. With no invasive narration but with inter-titles and subtitles the film enables the viewer to see, hear and experience all that is said by the mourners, the funerary priest and cremation ground specialists, as they carry out this final rite of passage for a Hindu.
=546  \\$aIn Sanskrit, Hindi, Subtitles in English
=650  04$aIndian
=650  \4$aDeaths
=650  \4$aCultural identity
=650  \4$aBurial customs
=650  \4$aReligious rites and ceremonies
=650  \4$aHinduism
=700  1\$aAllen, William.$4pro
=700  1\$aCarbaugh, Alethea.$4aut
=700  1\$aJhala, Jayasinhji.$4aut
=700  1\$aSemmel, Lauren.$4aut
=700  1\$aJhala, Jayasinhji.$4drt
=773  0\$dWatertown, MA : Documentary Educational Resources (DER), 2007
=856  40$uhttp://www.aspresolver.com/aspresolver.asp?ANTH;765392$yAlexander Street Press Ethnographic Video Online
=859  \\$aORR$bAlexander Street Press
=883  0\$aLanguage codes assigned by Bayesian analysis of words present in record$d20201028$qUk$c0.9010
=985  \\$aUpgraded by BSS-generated file for WR2011-1472
=CAT  \\$aWR13_071$b00$c20130610$lBLL01$h1613
=CAT  \\$aBATCH$b00$c20130610$lBLL01$h1613
=CAT  \\$aBATCH-UPD$b00$c20150921$lBLL01$h2018
=CAT  \\$aWR16_088$c20160606$lBLL01$h1632
=CAT  \\$aW1610-0368$c20161006$lBLL01$h0938
=CAT  \\$aW1606-1753$c20171028$lBLL01$h1352
=CAT  \\$aW2011-1472$b00$c20201127$lBLL01$h1833
=FIN  \\$aY$d20130610
=LAS  \\$aW2011-1472$b00$c20201127$lBLL01$h1833

