=LDR  02068 gm a2200493uu 4500
=001  016428202
=003  Uk
=005  20201127183327.0
=008  100813s2006\\\\xx\|||\|||||||||||mleng\d
=FMT  \\$a  VM
=035  \\$aASP764878/ant1
=245  00$aLast Season: Portrait of a Trawler
=260  \\$aWatertown, MA$bDocumentary Educational Resources (DER)$c2006
=306  \\$a28 minutes
=490  0\$aEthnographic Video Online, Volume 1
=505  00$aLast Season is a portrait of the ground fish trawler Isabel S. from New Bedford, MA. Jeff, the captain, learned fishing from his father, local legend 'Fearless Freddy' Hatfield. Brian, the cook, is a biker and a recovering alcoholic. Lo, the deckhand, is a refugee from Vietnam who has rediscovered Buddhism.
=546  \\$aIn English
=650  04$aVietnamese
=650  04$aAmerican
=650  \4$aBuddhism
=650  \4$aImmigrant populations
=650  \4$aFamily separation
=650  \4$aCommercial fishing
=650  \4$aCultural change and history
=700  1\$aBendavid-Val, Oren$4pro
=700  1\$aBendavid-Val, Oren$4aut
=700  1\$aBendavid-Val, Oren$4drt
=700  1\$aHatfield, Jeff.$4oth
=700  1\$aMcNally, Brian.$4oth
=700  1\$aVan Nguyen, Lo$4oth
=773  0\$dWatertown, MA : Documentary Educational Resources (DER), 2006
=856  40$uhttp://www.aspresolver.com/aspresolver.asp?ANTH;764878$yAlexander Street Press Ethnographic Video Online
=859  \\$aORR$bAlexander Street Press
=883  0\$aLanguage codes assigned by Bayesian analysis of words present in record$d20201028$qUk$c0.9010
=985  \\$aUpgraded by BSS-generated file for WR2011-1472
=CAT  \\$aWR13_071$b00$c20130610$lBLL01$h1613
=CAT  \\$aBATCH$b00$c20130610$lBLL01$h1613
=CAT  \\$aWR16_088$c20160606$lBLL01$h1632
=CAT  \\$aBATCH-UPD$b00$c20160606$lBLL01$h1635
=CAT  \\$aW1610-0368$c20161006$lBLL01$h0938
=CAT  \\$aW1606-1753$c20171028$lBLL01$h1352
=CAT  \\$aW2011-1472$b00$c20201127$lBLL01$h1833
=FIN  \\$aY$d20130610
=LAS  \\$aW2011-1472$b00$c20201127$lBLL01$h1833

