=LDR  01885 gm a2200385uu 4500
=001  016428203
=003  Uk
=005  20201127183327.0
=008  100813s2011\\\\xx\|||\|||||||||||mleng\d
=FMT  \\$a  VM
=035  \\$aASP1795991/ant1
=245  00$aThe Last Shepherd
=260  \\$aSurrey, England$bJourneyman Pictures$c2011
=306  \\$a73 minutes
=490  0\$aEthnographic Video Online, Volume 1
=520  3\$aPortugal's last shepherds are disappearing. They live a harsh existence in remote settlements with no roads connecting them to the towns far below. Their existence is primitive and has changed little for 100s of years. Hermino is 27, a strong and vigorous figure at home with his sheep on the mountains. But the call to leave behind tradition and join the modern world is strong. The doc is intimate and poignant, with Hermino comfortable for the camera to search deep into his beautiful if uncertain world.
=546  \\$aIn Portuguese, Subtitles in English
=650  04$aPortuguese
=650  \4$aTowns
=650  \4$aCultural change and history
=650  \4$aHerders
=650  \4$aEconomic conditions
=773  0\$dSurrey, England : Journeyman Pictures, 2011
=856  40$uhttp://www.aspresolver.com/aspresolver.asp?ANTH;1795991$yAlexander Street Press Ethnographic Video Online
=859  \\$aORR$bAlexander Street Press
=883  0\$aLanguage codes assigned by Bayesian analysis of words present in record$d20201028$qUk$c0.9010
=985  \\$aUpgraded by BSS-generated file for WR2011-1472
=CAT  \\$aWR13_071$b00$c20130610$lBLL01$h1613
=CAT  \\$aBATCH$b00$c20130610$lBLL01$h1613
=CAT  \\$aWR16_088$c20160606$lBLL01$h1632
=CAT  \\$aW1610-0368$c20161006$lBLL01$h0938
=CAT  \\$aW1606-1753$c20171028$lBLL01$h1352
=CAT  \\$aW2011-1472$b00$c20201127$lBLL01$h1833
=FIN  \\$aY$d20130610
=LAS  \\$aW2011-1472$b00$c20201127$lBLL01$h1833

