=LDR  01674 gm a2200421uu 4500
=001  016428205
=003  Uk
=005  20201127183327.0
=008  100813s1996\\\\xx\|||\|||||||||||mleng\d
=FMT  \\$a  VM
=035  \\$aASP1870844/ant1
=245  00$aThe Last Wayanas Hunter
=260  \\$aParis, France$bZED$c1996
=306  \\$a24 minutes
=490  0\$aEthnographic Video Online, Volume 1
=505  00$aToday, there is in our ordinary and structured world, people who are now shaping the legends of tomorrow, thanks to their direct contact with nature: fishermen, hunters, nature keepers... Let us embark on their fantastic adventures.
=546  \\$aIn English
=650  04$aWayana
=650  \4$aForests
=650  \4$aAmerican Indians
=650  \4$aTribal and national groups
=650  \4$aHunting
=700  1\$aSegur, Jérôme$4drt
=700  1\$aGivry, Edgar.$4nrt
=773  0\$dParis, France : ZED, 1996
=856  40$uhttp://www.aspresolver.com/aspresolver.asp?ANTH;1870844$yAlexander Street Press Ethnographic Video Online
=859  \\$aORR$bAlexander Street Press
=883  0\$aLanguage codes assigned by Bayesian analysis of words present in record$d20201028$qUk$c0.9010
=985  \\$aUpgraded by BSS-generated file for WR2011-1472
=CAT  \\$aWR13_071$b00$c20130610$lBLL01$h1613
=CAT  \\$aBATCH$b00$c20130610$lBLL01$h1613
=CAT  \\$aWR16_088$c20160606$lBLL01$h1632
=CAT  \\$aBATCH-UPD$b00$c20160606$lBLL01$h1635
=CAT  \\$aW1610-0368$c20161006$lBLL01$h0938
=CAT  \\$aW1606-1753$c20171028$lBLL01$h1352
=CAT  \\$aW2011-1472$b00$c20201127$lBLL01$h1833
=FIN  \\$aY$d20130610
=LAS  \\$aW2011-1472$b00$c20201127$lBLL01$h1833

