=LDR  02107 gm a2200469uu 4500
=001  016428206
=003  Uk
=005  20201127183327.0
=008  100813s1987\\\\xx\|||\|||||||||||mleng\d
=FMT  \\$a  VM
=035  \\$aASP765394/ant1
=245  00$aThe Last Window
=260  \\$aWatertown, MA$bDocumentary Educational Resources (DER)$c1987
=306  \\$a29 minutes
=490  0\$aEthnographic Video Online, Volume 1
=505  00$aWhen Charles J. Connick Associates closed their doors in 1986, they left a legacy of 15,000 stained glass windows in more than 5000 churches, libraries and other public buildings. Founded on the principles of a medieval craft guild, this Boston studio was closely allied with Ralph Adams Cram, Dean of the Gothic revival in American architecture, and in it's heyday, between 1920 and 1950, employed and trained scores of artisans.
=546  \\$aIn English
=600  14$aConnick, Charles J.
=650  04$aAmerican
=650  \4$aCultural change and history
=650  \4$aCrafts
=650  \4$aVisual artists
=650  \4$aStained glass
=700  1\$aBishop, John Melville.$4aut
=700  1\$aBishop, John Melville.$4drt
=700  1\$aBreymann, Rebecca$4oth
=700  1\$aCampbell, John.$4oth
=700  1\$aFairbanks, Jonathan$4nrt
=773  0\$dWatertown, MA : Documentary Educational Resources (DER), 1987
=856  40$uhttp://www.aspresolver.com/aspresolver.asp?ANTH;765394$yAlexander Street Press Ethnographic Video Online
=859  \\$aORR$bAlexander Street Press
=883  0\$aLanguage codes assigned by Bayesian analysis of words present in record$d20201028$qUk$c0.9010
=985  \\$aUpgraded by BSS-generated file for WR2011-1472
=CAT  \\$aWR13_071$b00$c20130610$lBLL01$h1613
=CAT  \\$aBATCH$b00$c20130610$lBLL01$h1613
=CAT  \\$aBATCH-UPD$b00$c20150726$lBLL01$h2039
=CAT  \\$aWR16_088$c20160606$lBLL01$h1632
=CAT  \\$aW1610-0368$c20161006$lBLL01$h0938
=CAT  \\$aW1606-1753$c20171028$lBLL01$h1352
=CAT  \\$aW2011-1472$b00$c20201127$lBLL01$h1833
=FIN  \\$aY$d20130610
=LAS  \\$aW2011-1472$b00$c20201127$lBLL01$h1833

