=LDR  02035 gm a2200469uu 4500
=001  016428208
=003  Uk
=005  20201127183327.0
=008  100813s1994\\\\xx\|||\|||||||||||mleng\d
=FMT  \\$a  VM
=035  \\$aASP764880/ant1
=245  00$aLeaving Bakul Bagan
=260  \\$aWatertown, MA$bDocumentary Educational Resources (DER)$c1994
=306  \\$a43 minutes
=490  0\$aEthnographic Video Online, Volume 1
=505  00$aThree generations of the extended Roychowdury family have resided for decades at 160 Bakul Bagan Road, Calcutta. Every now and then one of it's members has to leave the landscape of their childhood - a large sprawling house built around a courtyard and all the affection that dozens of relatives surround them with, to relocate for a job or to start a family elsewhere.
=546  \\$aIn English, Subtitles in English
=650  04$aIndian
=650  \4$aEducation
=650  \4$aPolitical commentary
=650  \4$aFamily arguments
=650  \4$aFamily separation
=650  \4$aRiots
=650  \4$aTravel preparations
=700  1\$aRay, Sandeep$4pro
=700  1\$aRay, Sandeep$4aut
=700  1\$aRay, Sandeep$4drt
=700  1\$aRoychowdhury, Saborna.$4oth
=773  0\$dWatertown, MA : Documentary Educational Resources (DER), 1994
=856  40$uhttp://www.aspresolver.com/aspresolver.asp?ANTH;764880$yAlexander Street Press Ethnographic Video Online
=859  \\$aORR$bAlexander Street Press
=883  0\$aLanguage codes assigned by Bayesian analysis of words present in record$d20201028$qUk$c0.9010
=985  \\$aUpgraded by BSS-generated file for WR2011-1472
=CAT  \\$aWR13_071$b00$c20130610$lBLL01$h1613
=CAT  \\$aBATCH$b00$c20130610$lBLL01$h1613
=CAT  \\$aWR16_088$c20160606$lBLL01$h1632
=CAT  \\$aBATCH-UPD$b00$c20160606$lBLL01$h1635
=CAT  \\$aW1610-0368$c20161006$lBLL01$h0938
=CAT  \\$aW1606-1753$c20171028$lBLL01$h1352
=CAT  \\$aW2011-1472$b00$c20201127$lBLL01$h1833
=FIN  \\$aY$d20130610
=LAS  \\$aW2011-1472$b00$c20201127$lBLL01$h1833

