=LDR  01795 gm a2200445uu 4500
=001  016428209
=003  Uk
=005  20201127183327.0
=008  100813s1990\\\\xx\|||\|||||||||||mleng\d
=FMT  \\$a  VM
=035  \\$aASP1869260/ant1
=245  00$aThe Left-Handed Man of Madagascar
=260  \\$aLondon, United Kingdom$bBritish Broadcasting Corporation (BBC)$c1990
=306  \\$a49 minutes
=490  0\$aEthnographic Video Online, Volume 1
=505  00$aFollows a troupe of Hira Gasy travelling players who play an important role in performing at traditional ancestral spirit ceremonies, looking at their beliefs and lifestyles.
=546  \\$aIn Malagasy, English
=650  04$aAfrican
=650  04$aMalagasy
=650  \4$aTraditional history
=650  \4$aHumans and human ancestors
=650  \4$aMusicians
=650  \4$aCultural identity
=700  1\$aMarre, Jeremy.$4pro
=700  1\$aMarre, Jeremy.$4drt
=700  1\$aDeghy, Guy$4nrt
=773  0\$dLondon, United Kingdom : British Broadcasting Corporation (BBC), 1990
=856  40$uhttp://www.aspresolver.com/aspresolver.asp?ANTH;1869260$yAlexander Street Press Ethnographic Video Online
=859  \\$aORR$bAlexander Street Press
=883  0\$aLanguage codes assigned by Bayesian analysis of words present in record$d20201028$qUk$c0.9010
=985  \\$aUpgraded by BSS-generated file for WR2011-1472
=CAT  \\$aWR13_071$b00$c20130610$lBLL01$h1613
=CAT  \\$aBATCH$b00$c20130610$lBLL01$h1613
=CAT  \\$aWR16_088$c20160606$lBLL01$h1632
=CAT  \\$aBATCH-UPD$b00$c20160606$lBLL01$h1635
=CAT  \\$aW1610-0368$c20161006$lBLL01$h0938
=CAT  \\$aW1606-1753$c20171028$lBLL01$h1352
=CAT  \\$aW2011-1472$b00$c20201127$lBLL01$h1833
=FIN  \\$aY$d20130610
=LAS  \\$aW2011-1472$b00$c20201127$lBLL01$h1833

