=LDR  02107 gm a2200529uu 4500
=001  016428210
=003  Uk
=005  20201127183327.0
=008  100813s1985\\\\xx\|||\|||||||||||mleng\d
=FMT  \\$a  VM
=035  \\$aASP764882/ant1
=245  00$aLegacy of the Spirits
=260  \\$aWatertown, MA$bDocumentary Educational Resources (DER)$c1985
=306  \\$a52 minutes
=490  0\$aEthnographic Video Online, Volume 1
=505  00$aLegacy of the Spirits traces the religion of Vodou (voodoo) from Africa to Haiti to New York City. It explains the theology of the religion, the meaning of the rituals, the pantheon of spirits, possession, the sacred drawings (called ve-ve), the Catholic influence, the history of persecution and more.
=546  \\$aIn English
=650  04$aCreole
=650  04$aAmerican
=650  04$aCaribbean
=650  04$aHaitian
=650  04$aLouisiana Creole
=650  \4$aMediums
=650  \4$aReligious beliefs
=650  \4$aCultural change and history
=650  \4$aReligious rites and ceremonies
=650  \4$aVoodooism
=650  \4$aReligion
=700  1\$aKramer, Karen.$4pro
=700  1\$aKramer, Karen.$4aut
=700  1\$aKramer, Karen.$4drt
=700  1\$aKernisant, Karl$4oth
=700  1\$aLeGros, Anne-Marie$4oth
=773  0\$dWatertown, MA : Documentary Educational Resources (DER), 1985
=856  40$uhttp://www.aspresolver.com/aspresolver.asp?ANTH;764882$yAlexander Street Press Ethnographic Video Online
=859  \\$aORR$bAlexander Street Press
=883  0\$aLanguage codes assigned by Bayesian analysis of words present in record$d20201028$qUk$c0.9010
=985  \\$aUpgraded by BSS-generated file for WR2011-1472
=CAT  \\$aWR13_071$b00$c20130610$lBLL01$h1613
=CAT  \\$aBATCH$b00$c20130610$lBLL01$h1613
=CAT  \\$aBATCH-UPD$b00$c20160302$lBLL01$h2026
=CAT  \\$aWR16_088$c20160606$lBLL01$h1632
=CAT  \\$aW1610-0368$c20161006$lBLL01$h0938
=CAT  \\$aW1606-1753$c20171028$lBLL01$h1352
=CAT  \\$aW2011-1472$b00$c20201127$lBLL01$h1833
=FIN  \\$aY$d20130610
=LAS  \\$aW2011-1472$b00$c20201127$lBLL01$h1833

