=LDR  02029cgm a2200505uu 4500
=001  016428212
=003  Uk
=005  20201127183327.0
=008  100813s1986\\\\xx\|||\|||||||||||mleng\d
=FMT  \\$a  VM
=035  \\$aASP764886/ant1
=245  00$aLessons From Gulam: Asian Music in Bradford
=260  \\$aWatertown, MA$bDocumentary Educational Resources (DER)$c1986
=306  \\$a49 minutes
=490  0\$aEthnographic Video Online, Volume 1
=505  00$aBradford is a mill town in the north of England with a population of around 60,000 Muslims from South Asia. Muslim values are strongly maintained. This film studies Asian music within the community and contrasts music education in the schools with the very different kind of music enculturation in the family.
=546  \\$aIn English
=650  04$aPakistani
=650  04$aIndian
=650  \4$aRamadan
=650  \4$aEthnomusicology
=650  \4$aFasting
=650  \4$aIslam
=650  \4$aMusic
=700  1\$aBaily, John$4aut
=700  1\$aBaily, John$4drt
=700  1\$aMusa, Gulam$4oth
=700  1\$aNorman$4oth
=700  1\$aShaukat$4oth
=700  0\$aYusuf.$4oth
=773  0\$dWatertown, MA : Documentary Educational Resources (DER), 1986
=856  40$uhttp://www.aspresolver.com/aspresolver.asp?ANTH;764886$yAlexander Street Press Ethnographic Video Online
=859  \\$aORR$bAlexander Street Press
=883  0\$aLanguage codes assigned by Bayesian analysis of words present in record$d20201028$qUk$c0.9010
=985  \\$aUpgraded by BSS-generated file for WR2011-1472
=CAT  \\$aWR13_071$b00$c20130610$lBLL01$h1613
=CAT  \\$aBATCH$b00$c20130610$lBLL01$h1613
=CAT  \\$aWR16_088$c20160606$lBLL01$h1632
=CAT  \\$aBATCH-UPD$b00$c20160606$lBLL01$h1635
=CAT  \\$aW1610-0368$c20161006$lBLL01$h0938
=CAT  \\$aW1606-1753$c20171028$lBLL01$h1352
=CAT  \\$aW2011-1472$b00$c20201127$lBLL01$h1833
=CAT  \\$aBATCH-UPD$b00$c20230923$lBLL01$h0026
=FIN  \\$aY$d20130610
=LAS  \\$aBATCH-UPD$b00$c20230923$lBLL01$h0026

