=LDR  01889 gm a2200469uu 4500
=001  016428213
=003  Uk
=005  20201127183327.0
=008  100813s1985\\\\xx\|||\|||||||||||mleng\d
=FMT  \\$a  VM
=035  \\$aASP764888/ant1
=245  00$aLet's Get Married
=260  \\$aWatertown, MA$bDocumentary Educational Resources (DER)$c1985
=306  \\$a35 minutes
=490  0\$aEthnographic Video Online, Volume 1
=505  00$aEleni, who was raised in Greece but lived with her aunt Martha's family in Martin, Tennessee met Demetrios who was living and working with his father in the Greek village of Ano Ravenia. While she was on holiday, they fell in love and married.
=546  \\$aIn English
=650  04$aGreek American
=650  04$aGreek
=650  \4$aImmigration and emigration
=650  \4$aExtended family
=650  \4$aCultural identity
=650  \4$aRomantic relationships
=650  \4$aWeddings
=700  1\$aPiault, Colette.$4drt
=700  1\$aDimitrios$4oth
=700  1\$aEleni$4oth
=700  1\$aJohnston, Graham.$4ctb
=773  0\$dWatertown, MA : Documentary Educational Resources (DER), 1985
=856  40$uhttp://www.aspresolver.com/aspresolver.asp?ANTH;764888$yAlexander Street Press Ethnographic Video Online
=859  \\$aORR$bAlexander Street Press
=883  0\$aLanguage codes assigned by Bayesian analysis of words present in record$d20201028$qUk$c0.9010
=985  \\$aUpgraded by BSS-generated file for WR2011-1472
=CAT  \\$aWR13_071$b00$c20130610$lBLL01$h1613
=CAT  \\$aBATCH$b00$c20130610$lBLL01$h1613
=CAT  \\$aWR16_088$c20160606$lBLL01$h1632
=CAT  \\$aBATCH-UPD$b00$c20160606$lBLL01$h1635
=CAT  \\$aW1610-0368$c20161006$lBLL01$h0938
=CAT  \\$aW1606-1753$c20171028$lBLL01$h1352
=CAT  \\$aW2011-1472$b00$c20201127$lBLL01$h1833
=FIN  \\$aY$d20130610
=LAS  \\$aW2011-1472$b00$c20201127$lBLL01$h1833

