=LDR  02151 gm a2200637uu 4500
=001  016428216
=003  Uk
=005  20201127183327.0
=008  100813s1986\\\\xx\|||\|||||||||||mleng\d
=FMT  \\$a  VM
=035  \\$aASP1647033/ant1
=245  00$aLimits of Fidelity
=260  \\$aLondon, England$bBritish Broadcasting Corporation (BBC)$c1986
=306  \\$a49 minutes
=490  0\$aEthnographic Video Online, Volume 1
=505  00$aIn English
=650  04$aAmerican
=650  04$aEgyptian
=650  04$aJapanese
=650  04$aKenyan
=650  \4$aMorality
=650  \4$aLove
=650  \4$aPolygamous marriages
=650  \4$aSexual intercourse
=650  \4$aInfidelity
=650  \4$aRomantic relationships
=650  \4$aMarried persons
=700  1\$aNicholson, William.$4pro
=700  1\$aNicholson, William.$4aut
=700  0\$aCharles.$4oth
=700  1\$aKoch, Gypsy$4oth
=700  1\$aMercer, Lucy$4oth
=700  1\$aMiller, Philip.$4oth
=700  1\$aMotikami, Daki$4oth
=700  1\$aNajeri$4oth
=700  0\$aNancy.$4oth
=700  1\$aSlomoth, Danny$4oth
=700  1\$aYoshita, Akira$4oth
=700  1\$aYoshita, Notiko$4oth
=700  1\$aNicholson, William.$4nrt
=773  0\$dLondon, England : British Broadcasting Corporation (BBC), 1986
=856  40$uhttp://www.aspresolver.com/aspresolver.asp?ANTH;1647033$yAlexander Street Press Ethnographic Video Online
=859  \\$aORR$bAlexander Street Press
=883  0\$aLanguage codes assigned by Bayesian analysis of words present in record$d20201028$qUk$c0.9010
=985  \\$aUpgraded by BSS-generated file for WR2011-1472
=CAT  \\$aWR13_071$b00$c20130610$lBLL01$h1613
=CAT  \\$aBATCH$b00$c20130610$lBLL01$h1613
=CAT  \\$aBATCH-UPD$b00$c20130610$lBLL01$h1618
=CAT  \\$aBATCH-UPD$b00$c20141222$lBLL01$h2034
=CAT  \\$aWR16_088$c20160606$lBLL01$h1632
=CAT  \\$aBATCH-UPD$b00$c20160606$lBLL01$h1635
=CAT  \\$aW1610-0368$c20161006$lBLL01$h0938
=CAT  \\$aW1606-1753$c20171028$lBLL01$h1352
=CAT  \\$aW2011-1472$b00$c20201127$lBLL01$h1833
=FIN  \\$aY$d20130610
=LAS  \\$aW2011-1472$b00$c20201127$lBLL01$h1833

