=LDR  01878 gm a2200433uu 4500
=001  016428218
=003  Uk
=005  20201127183328.0
=008  100813s1995\\\\xx\|||\|||||||||||mleng\d
=FMT  \\$a  VM
=035  \\$aASP859273/ant1
=245  00$aThe Little Cassava Girl
=260  \\$aWatertown, MA$bDocumentary Educational Resources (DER)$c1995
=306  \\$a11 minutes
=490  0\$aEthnographic Video Online, Volume 1
=505  00$aThis is a four-part documentary about the Yákwa, the most important ritual of the Enauênê- Nauê Indians of Brazil. For seven months every year, the spirits are venerated with offerings of food, song and dance so they will protect the community.
=650  04$aEnawene Nawe
=650  \4$aReligious rites and ceremonies
=650  \4$aMyths and legends
=650  \4$aCultural identity
=650  \4$aTribal and national groups
=700  1\$aCampoli, Fausto.$4pro
=700  1\$aValadão, Virginia.$4aut
=700  1\$aValadão, Virginia.$4drt
=773  0\$dWatertown, MA : Documentary Educational Resources (DER), 1995
=856  40$uhttp://www.aspresolver.com/aspresolver.asp?ANTH;859273$yAlexander Street Press Ethnographic Video Online
=859  \\$aORR$bAlexander Street Press
=883  0\$aLanguage codes assigned by Bayesian analysis of words present in record$d20201028$qUk$c0.9010
=985  \\$aUpgraded by BSS-generated file for WR2011-1472
=CAT  \\$aWR13_071$b00$c20130610$lBLL01$h1613
=CAT  \\$aBATCH$b00$c20130610$lBLL01$h1613
=CAT  \\$aWR16_088$c20160606$lBLL01$h1632
=CAT  \\$aBATCH-UPD$b00$c20160606$lBLL01$h1635
=CAT  \\$aW1610-0368$c20161006$lBLL01$h0938
=CAT  \\$aW1606-1753$c20171028$lBLL01$h1352
=CAT  \\$aBATCH-UPD$b00$c20171222$lBLL01$h0218
=CAT  \\$aW2011-1472$b00$c20201127$lBLL01$h1833
=FIN  \\$aY$d20130610
=LAS  \\$aW2011-1472$b00$c20201127$lBLL01$h1833

