=LDR  01978 gm a2200445uu 4500
=001  016428219
=003  Uk
=005  20201127183328.0
=008  100813s2008\\\\xx\|||\|||||||||||mleng\d
=FMT  \\$a  VM
=035  \\$aASP764386/ant1
=245  00$aA Little Corner of Paradise (Un Petit Coin de Paradis...)
=260  \\$aWatertown, MA$bDocumentary Educational Resources (DER)$c2008
=306  \\$a83 minutes
=490  0\$aEthnographic Video Online, Volume 1
=505  00$aThis is the story of the life reborn of Ossona, a hamlet in Val d'Herens in the Valais canton, which was abandoned in the sixties and has now become the pilot project for an agro-tourism site. From 2005 to 2008, we followed the restoration of this site listed as a sustainable development zone, and those involved in the project.
=546  \\$aIn French, Subtitles in English
=650  04$aSwiss
=650  \4$aElderly people
=650  \4$aAdolescents
=650  \4$aEconomic development
=650  \4$aTourism industry
=650  \4$aEnvironment
=650  \4$aCultural change and history
=700  1\$aVeuve, Jacqueline.$4aut
=700  1\$aVeuve, Jacqueline.$4drt
=773  0\$dWatertown, MA : Documentary Educational Resources (DER), 2008
=856  40$uhttp://www.aspresolver.com/aspresolver.asp?ANTH;764386$yAlexander Street Press Ethnographic Video Online
=859  \\$aORR$bAlexander Street Press
=883  0\$aLanguage codes assigned by Bayesian analysis of words present in record$d20201028$qUk$c0.9010
=985  \\$aUpgraded by BSS-generated file for WR2011-1472
=CAT  \\$aWR13_071$b00$c20130610$lBLL01$h1613
=CAT  \\$aBATCH$b00$c20130610$lBLL01$h1613
=CAT  \\$aWR16_088$c20160606$lBLL01$h1632
=CAT  \\$aBATCH-UPD$b00$c20160606$lBLL01$h1635
=CAT  \\$aW1610-0368$c20161006$lBLL01$h0938
=CAT  \\$aW1606-1753$c20171028$lBLL01$h1352
=CAT  \\$aW2011-1472$b00$c20201127$lBLL01$h1833
=FIN  \\$aY$d20130610
=LAS  \\$aW2011-1472$b00$c20201127$lBLL01$h1833

