=LDR  01789 gm a2200421uu 4500
=001  016428220
=003  Uk
=005  20201127183328.0
=008  100813s2005\\\\xx\|||\|||||||||||mleng\d
=FMT  \\$a  VM
=035  \\$aASP764890/ant1
=245  00$aLittle Lady of the Capitole (La petite dame du Capitole)
=260  \\$aWatertown, MA$bDocumentary Educational Resources (DER)$c2005
=306  \\$a55 minutes
=490  0\$aEthnographic Video Online, Volume 1
=505  00$aLucienne Schnegg is a little woman brimming with energy. At 80, she remains at the helm of the cinema Capitole. Hired as a secretary in 1949, she has become the heir of the movie house and its very soul.
=546  \\$aIn French, Subtitles in German, English
=650  04$aSwiss
=650  \4$aCultural change and history
=650  \4$aFilms
=650  \4$aTheaters
=700  1\$aVeuve, Jacqueline.$4aut
=700  1\$aVeuve, Jacqueline.$4drt
=700  1\$aSchnegg, Lucienne.$4oth
=773  0\$dWatertown, MA : Documentary Educational Resources (DER), 2005
=856  40$uhttp://www.aspresolver.com/aspresolver.asp?ANTH;764890$yAlexander Street Press Ethnographic Video Online
=859  \\$aORR$bAlexander Street Press
=883  0\$aLanguage codes assigned by Bayesian analysis of words present in record$d20201028$qUk$c0.9010
=985  \\$aUpgraded by BSS-generated file for WR2011-1472
=CAT  \\$aWR13_071$b00$c20130610$lBLL01$h1613
=CAT  \\$aBATCH$b00$c20130610$lBLL01$h1613
=CAT  \\$aWR16_088$c20160606$lBLL01$h1632
=CAT  \\$aBATCH-UPD$b00$c20160606$lBLL01$h1635
=CAT  \\$aW1610-0368$c20161006$lBLL01$h0938
=CAT  \\$aW1606-1753$c20171028$lBLL01$h1352
=CAT  \\$aW2011-1472$b00$c20201127$lBLL01$h1833
=FIN  \\$aY$d20130610
=LAS  \\$aW2011-1472$b00$c20201127$lBLL01$h1833

