=LDR  02471 gm a2200601uu 4500
=001  016428221
=003  Uk
=005  20201127183328.0
=008  100813s1985\\\\xx\|||\|||||||||||mleng\d
=FMT  \\$a  VM
=035  \\$aASP764892/ant1
=245  00$aLiving At Risk: The Story of a Nicaraguan Family
=260  \\$aWatertown, MA$bDocumentary Educational Resources (DER)$c1985
=306  \\$a59 minutes
=490  0\$aEthnographic Video Online, Volume 1
=505  00$aLiving at Risk takes us inside Sandinista Nicaragua five years after the revolution that overthrew the dictator Anastasio Somoza. Subtitled "The Story of a Nicaraguan Family," the film centers on five brothers and sisters who commit themselves to remaining and working with the revolutionary government in various professional capacities: medicine, community organizing, agricultural reform.
=546  \\$aIn English
=650  04$aNicaraguan
=650  \4$aWar
=650  \4$aPoverty
=650  \4$aCare issues
=650  \4$aFamily
=650  \4$aPolitical causes
=650  \4$aRevolutions
=700  1\$aGuzzetti, Alfred$4pro
=700  1\$aMeiselas, Susan.$4pro
=700  1\$aRogers, Richard P.$4pro
=700  1\$aGuzzetti, Alfred$4aut
=700  1\$aMeiselas, Susan.$4aut
=700  1\$aRogers, Richard P.$4aut
=700  1\$aGuzzetti, Alfred$4drt
=700  1\$aMeiselas, Susan.$4drt
=700  1\$aRogers, Richard P.$4drt
=700  1\$aBarrios, Alberto$4oth
=700  1\$aBarrios, Federico.$4oth
=700  1\$aBarrios, Martisabel$4oth
=700  1\$aBarrios, Mauricio$4oth
=700  1\$aBarrios, Miguel$4oth
=700  1\$aHolmann, Eduardo$4oth
=773  0\$dWatertown, MA : Documentary Educational Resources (DER), 1985
=856  40$uhttp://www.aspresolver.com/aspresolver.asp?ANTH;764892$yAlexander Street Press Ethnographic Video Online
=859  \\$aORR$bAlexander Street Press
=883  0\$aLanguage codes assigned by Bayesian analysis of words present in record$d20201028$qUk$c0.9010
=985  \\$aUpgraded by BSS-generated file for WR2011-1472
=CAT  \\$aWR13_071$b00$c20130610$lBLL01$h1613
=CAT  \\$aBATCH$b00$c20130610$lBLL01$h1613
=CAT  \\$aBATCH-UPD$b00$c20160527$lBLL01$h2027
=CAT  \\$aWR16_088$c20160606$lBLL01$h1632
=CAT  \\$aW1610-0368$c20161006$lBLL01$h0938
=CAT  \\$aW1606-1753$c20171028$lBLL01$h1352
=CAT  \\$aW2011-1472$b00$c20201127$lBLL01$h1833
=FIN  \\$aY$d20130610
=LAS  \\$aW2011-1472$b00$c20201127$lBLL01$h1833

