=LDR  02543 gm a2200529uu 4500
=001  016428222
=003  Uk
=005  20201127183328.0
=008  100813s9999\\\\xx\|||\|||||||||||mleng\d
=FMT  \\$a  VM
=035  \\$aASP1689348/ant1
=245  00$aLiving in America: A Hundred Years of Ybor City
=260  \\$aNew York, NY$bFilmakers Library
=306  \\$a53 minutes
=490  0\$aEthnographic Video Online, Volume 1
=505  00$aThis film celebrates the long and rich tradition of Latin culture in this country in its vivid portrayal of Ybor City, Florida. This multicultural community was founded in the 1880's, when Cuban, Spanish and Italian immigrants arrived to work in the thriving cigar factories. It flourished until World War II when the effects of assimilation, urban renewal and the decline in the cigar industry led to its demise. The film captures the colors, rhythms, and texture of this close-knit, ethnic enclave. Here people played dominoes over a cup of cafe con leche, socialized at the dance clubs, and took pride in a perfect, hand-rolled cigar. Although they experienced hard times and discrimination, they always had a protective community to fall back on.
=546  \\$aIn English
=650  04$aItalian
=650  04$aLatino
=650  04$aCuban
=650  \4$aNeighborhoods
=650  \4$aImmigrant populations
=650  \4$aTobacco
=650  \4$aClubs and social organizations
=650  \4$aFactory workers
=700  1\$aJamison, Gayla.$4pro
=700  1\$aJamison, Gayla.$4aut
=700  1\$aJamison, Gayla.$4drt
=700  1\$aCacciatore, Angelo$4oth
=700  1\$aMedina, Cesar.$4oth
=700  1\$aPassetti, Maria$4oth
=700  1\$aPizzo, Tony$4oth
=700  1\$aMetzger, Janet.$4nrt
=773  0\$dNew York, NY : Filmakers Library
=856  40$uhttp://www.aspresolver.com/aspresolver.asp?ANTH;1689348$yAlexander Street Press Ethnographic Video Online
=859  \\$aORR$bAlexander Street Press
=883  0\$aLanguage codes assigned by Bayesian analysis of words present in record$d20201028$qUk$c0.9010
=985  \\$aUpgraded by BSS-generated file for WR2011-1472
=CAT  \\$aWR13_071$b00$c20130610$lBLL01$h1613
=CAT  \\$aBATCH$b00$c20130610$lBLL01$h1613
=CAT  \\$aBATCH-UPD$b00$c20150521$lBLL01$h2053
=CAT  \\$aWR16_088$c20160606$lBLL01$h1632
=CAT  \\$aW1610-0368$c20161006$lBLL01$h0938
=CAT  \\$aW1606-1753$c20171028$lBLL01$h1352
=CAT  \\$aW2011-1472$b00$c20201127$lBLL01$h1833
=FIN  \\$aY$d20130610
=LAS  \\$aW2011-1472$b00$c20201127$lBLL01$h1833

