=LDR  01794 gm a2200469uu 4500
=001  016428223
=003  Uk
=005  20201127183328.0
=008  100813s1985\\\\xx\|||\|||||||||||mleng\d
=FMT  \\$a  VM
=035  \\$aASP765402/ant1
=245  00$aThe Living Maya Part 1
=260  \\$aWatertown, MA$bDocumentary Educational Resources (DER)$c1985
=306  \\$a58 minutes
=490  0\$aEthnographic Video Online, Volume 1
=505  00$aIntroduces the village of Chican and the Colli-Colli family, and examines the structure of Maya agricultural and village life.
=546  \\$aIn English, Subtitles in English
=650  04$aMaya
=650  \4$aAgriculture
=650  \4$aPlanting
=650  \4$aDaily life
=650  \4$aCultural identity
=650  \4$aFood crops
=650  \4$aTribal and national groups
=700  1\$aSmith, Hubert.$4pro
=700  1\$aSmith, Hubert.$4aut
=700  1\$aSmith, Hubert.$4drt
=700  1\$aColli-Colli, Reymundo$4oth
=773  0\$dWatertown, MA : Documentary Educational Resources (DER), 1985
=856  40$uhttp://www.aspresolver.com/aspresolver.asp?ANTH;765402$yAlexander Street Press Ethnographic Video Online
=859  \\$aORR$bAlexander Street Press
=883  0\$aLanguage codes assigned by Bayesian analysis of words present in record$d20201028$qUk$c0.9010
=985  \\$aUpgraded by BSS-generated file for WR2011-1472
=CAT  \\$aWR13_071$b00$c20130610$lBLL01$h1613
=CAT  \\$aBATCH$b00$c20130610$lBLL01$h1613
=CAT  \\$aWR16_088$c20160606$lBLL01$h1632
=CAT  \\$aBATCH-UPD$b00$c20160606$lBLL01$h1635
=CAT  \\$aW1610-0368$c20161006$lBLL01$h0938
=CAT  \\$aW1606-1753$c20171028$lBLL01$h1352
=CAT  \\$aW2011-1472$b00$c20201127$lBLL01$h1833
=FIN  \\$aY$d20130610
=LAS  \\$aW2011-1472$b00$c20201127$lBLL01$h1833

