=LDR  02556 gm a2200637uu 4500
=001  016428228
=003  Uk
=005  20201127183328.0
=008  100813s1996\\\\xx\|||\|||||||||||mleng\d
=FMT  \\$a  VM
=035  \\$aASP764388/ant1
=245  00$aA Long Journey to Guadalupe
=260  \\$aWatertown, MA$bDocumentary Educational Resources (DER)$c1996
=306  \\$a97 minutes
=490  0\$aEthnographic Video Online, Volume 1
=505  00$aThe veneration for Tonantzin-Guadalupe has been an essential Mexican theme underlying Mexican cultural and political values since the 16th century. Guided by the testimonies of Indigenous people, Mexicans of mixed heritage and Chicanos about this complex subject matter, the film helps us to understand why.
=546  \\$aIn Spanish, Subtitles in English
=650  04$aMexican
=650  04$aChicano
=650  \4$aPolitics
=650  \4$aCreole people
=650  \4$aColonialism
=650  \4$aBlessed Virgin Mary
=650  \4$aPilgrimage
=650  \4$aReligion
=700  1\$aMorales, César.$4pro
=700  1\$aOrtega, Eduardo.$4pro
=700  1\$aUrrusti, Juan Francisco.$4pro
=700  1\$aSandoval, Ana$4aut
=700  1\$aUrrusti, Juan Francisco.$4drt
=700  1\$aBatalla, Guillermo$4oth
=700  1\$aBenítez, Fernando.$4oth
=700  1\$aCueli, José$4oth
=700  1\$aDominguez, Filiberto$4oth
=700  1\$aGallegos, José.$4oth
=700  1\$aHernandéz, Loretta$4oth
=700  1\$aLeón Portilla, Miguel.$4oth
=700  1\$aLópez Austin, Alfredo.$4oth
=700  1\$aMacias, Raul.$4oth
=700  1\$aMéndez-Arceo$4oth
=773  0\$dWatertown, MA : Documentary Educational Resources (DER), 1996
=856  40$uhttp://www.aspresolver.com/aspresolver.asp?ANTH;764388$yAlexander Street Press Ethnographic Video Online
=859  \\$aORR$bAlexander Street Press
=883  0\$aLanguage codes assigned by Bayesian analysis of words present in record$d20201028$qUk$c0.9010
=985  \\$aUpgraded by BSS-generated file for WR2011-1472
=CAT  \\$aWR13_071$b00$c20130610$lBLL01$h1613
=CAT  \\$aBATCH$b00$c20130610$lBLL01$h1613
=CAT  \\$aBATCH-UPD$b00$c20130610$lBLL01$h1618
=CAT  \\$aBATCH-UPD$b00$c20160521$lBLL01$h1723
=CAT  \\$aWR16_088$c20160606$lBLL01$h1632
=CAT  \\$aBATCH-UPD$b00$c20160715$lBLL01$h2058
=CAT  \\$aW1610-0368$c20161006$lBLL01$h0938
=CAT  \\$aW1606-1753$c20171028$lBLL01$h1352
=CAT  \\$aW2011-1472$b00$c20201127$lBLL01$h1833
=FIN  \\$aY$d20130610
=LAS  \\$aW2011-1472$b00$c20201127$lBLL01$h1833

