=LDR  02738 gm a2200457uu 4500
=001  016428229
=003  Uk
=005  20201127183328.0
=008  100813s9999\\\\xx\|||\|||||||||||mleng\d
=FMT  \\$a  VM
=035  \\$aASP1689435/ant1
=245  00$aThe Long Tears: An Ndebele Story
=260  \\$aNew York, NY$bFilmakers Library
=306  \\$a52 minutes
=490  0\$aEthnographic Video Online, Volume 1
=505  00$aThis remarkable film, seen through the eyes of one family, documents five years in the life of a South African tribe, the Ndebele, exploring their extraordinary art, culture and traditions. Tribe member Francina Ndimande is an internationally recognised mural artist, as is her daughter Angelina. Their work is commissioned by art collectors all over the world. The film explores the rituals and traditions associated with the rites of passage of both men and women. Francina's son, Gerald, is featured as he embarks on his two-month initiation into adulthood, or "journey to the mountains of manhood", guided by his elder brother Erasmus. We also follow her granddaughter during her uguthombe, her two-year initiation into womanhood. The Long Tears also traces the history of the Ndebele defeat in war against the Boers over a hundred years ago, and their subsequent enslavement and mistreatment at the hands of the Boer farmers. It shows us the famous Ndebele wall art and dress traditions and puts them in the context of the new South Africa. Here is a portrait of a unique people, told in their own words.
=546  \\$aIn English, Ndebele, Subtitles in English
=650  04$aNdebele
=650  \4$aCultural change and history
=650  \4$aPainters
=650  \4$aPaintings
=650  \4$aReligious rites and ceremonies
=650  \4$aCultural identity
=650  \4$aTribal and national groups
=700  1\$aForbes, David.$4pro
=700  1\$aDreyer, Nadine.$4aut
=700  1\$aForbes, David.$4drt
=773  0\$dNew York, NY : Filmakers Library
=856  40$uhttp://www.aspresolver.com/aspresolver.asp?ANTH;1689435$yAlexander Street Press Ethnographic Video Online
=859  \\$aORR$bAlexander Street Press
=883  0\$aLanguage codes assigned by Bayesian analysis of words present in record$d20201028$qUk$c0.9010
=985  \\$aUpgraded by BSS-generated file for WR2011-1472
=CAT  \\$aWR13_071$b00$c20130610$lBLL01$h1613
=CAT  \\$aBATCH$b00$c20130610$lBLL01$h1613
=CAT  \\$aWR16_088$c20160606$lBLL01$h1632
=CAT  \\$aBATCH-UPD$b00$c20160606$lBLL01$h1635
=CAT  \\$aW1610-0368$c20161006$lBLL01$h0938
=CAT  \\$aW1606-1753$c20171028$lBLL01$h1352
=CAT  \\$aW2011-1472$b00$c20201127$lBLL01$h1833
=FIN  \\$aY$d20130610
=LAS  \\$aW2011-1472$b00$c20201127$lBLL01$h1833

