=LDR  02157 gm a2200493uu 4500
=001  016428230
=003  Uk
=005  20201127183328.0
=008  100813s2008\\\\xx\|||\|||||||||||mleng\d
=FMT  \\$a  VM
=035  \\$aASP1667140/ant1
=245  00$aThe Longest Trail
=260  \\$aWatertown, MA$bDocumentary Educational Resources (DER)$c2008
=306  \\$a58 minutes
=490  0\$aEthnographic Video Online, Volume 1
=505  00$aAlan Lomax and his associates, beginning in the late 1950s undertook a monumental study of the relationship between style in song and dance cross-culturally. It began with Cantometrics which developed a common language description for the many variables in performance style in the diverse cultures of the world and measured how those variables clustered geographically and in relation to means of subsistence and aspects of social organization.
=546  \\$aIn English
=650  04$aAmerican Indian
=650  \4$aCultural change and history
=650  \4$aCultural identity
=650  \4$aSocial dances
=650  \4$aDance
=650  \4$aDance theory
=650  \4$aMovement
=700  1\$aLomax, Alan$4pro
=700  1\$aLomax, Alan$4aut
=700  1\$aLomax, Alan$4drt
=700  1\$aPaulay, Forrestine.$4drt
=700  1\$aFlory, Michael$4oth
=700  1\$aLomax, Alan$4nrt
=773  0\$dWatertown, MA : Documentary Educational Resources (DER), 2008
=856  40$uhttp://www.aspresolver.com/aspresolver.asp?ANTH;1667140$yAlexander Street Press Ethnographic Video Online
=859  \\$aORR$bAlexander Street Press
=883  0\$aLanguage codes assigned by Bayesian analysis of words present in record$d20201028$qUk$c0.9010
=985  \\$aUpgraded by BSS-generated file for WR2011-1472
=CAT  \\$aWR13_071$b00$c20130610$lBLL01$h1613
=CAT  \\$aBATCH$b00$c20130610$lBLL01$h1613
=CAT  \\$aWR16_088$c20160606$lBLL01$h1632
=CAT  \\$aBATCH-UPD$b00$c20160606$lBLL01$h1635
=CAT  \\$aW1610-0368$c20161006$lBLL01$h0938
=CAT  \\$aW1606-1753$c20171028$lBLL01$h1352
=CAT  \\$aW2011-1472$b00$c20201127$lBLL01$h1833
=FIN  \\$aY$d20130610
=LAS  \\$aW2011-1472$b00$c20201127$lBLL01$h1833

