=LDR  01908 gm a2200457uu 4500
=001  016428231
=003  Uk
=005  20201127183328.0
=008  100813s1996\\\\xx\|||\|||||||||||mleng\d
=FMT  \\$a  VM
=035  \\$aASP764894/ant1
=245  00$aLooking for John Muir
=260  \\$aWatertown, MA$bDocumentary Educational Resources (DER)$c1996
=306  \\$a56 minutes
=490  0\$aEthnographic Video Online, Volume 1
=505  00$aRobert Perkins retraces the steps of 19th century Scottish naturalist John Muir, who walked through one thousand miles of the American South in 1867. Perkins takes to the road to provide a personal assessment of how the Southern landscape has changed since Muir's time and examines some of the environmental damage in the region.
=546  \\$aIn English
=600  14$aMuir, John.
=650  04$aScottish
=650  04$aAmerican
=650  \4$aEnvironment
=650  \4$aNature
=650  \4$aHistory
=650  \4$aTravel
=700  1\$aPerkins, Robert.$4aut
=700  1\$aPerkins, Robert.$4drt
=700  1\$aPerkins, Robert.$4nrt
=773  0\$dWatertown, MA : Documentary Educational Resources (DER), 1996
=856  40$uhttp://www.aspresolver.com/aspresolver.asp?ANTH;764894$yAlexander Street Press Ethnographic Video Online
=859  \\$aORR$bAlexander Street Press
=883  0\$aLanguage codes assigned by Bayesian analysis of words present in record$d20201028$qUk$c0.9010
=985  \\$aUpgraded by BSS-generated file for WR2011-1472
=CAT  \\$aWR13_071$b00$c20130610$lBLL01$h1613
=CAT  \\$aBATCH$b00$c20130610$lBLL01$h1613
=CAT  \\$aBATCH-UPD$b00$c20141211$lBLL01$h1652
=CAT  \\$aWR16_088$c20160606$lBLL01$h1632
=CAT  \\$aW1610-0368$c20161006$lBLL01$h0938
=CAT  \\$aW1606-1753$c20171028$lBLL01$h1352
=CAT  \\$aW2011-1472$b00$c20201127$lBLL01$h1833
=FIN  \\$aY$d20130610
=LAS  \\$aW2011-1472$b00$c20201127$lBLL01$h1833

