=LDR  02587 gm a2200421uu 4500
=001  016428232
=003  Uk
=005  20201127183328.0
=008  100813s2000\\\\xx\|||\|||||||||||mleng\d
=FMT  \\$a  VM
=035  \\$aASP1869253/ant1
=245  00$aThe Lost Gods of Easter Island
=260  \\$aLondon, United Kingdom$bBritish Broadcasting Corporation (BBC)$c2000
=306  \\$a49 minutes
=490  0\$aEthnographic Video Online, Volume 1
=505  00$aAttenborough embarks on a personal quest to uncover the history of a strange wooden figurine carving which turned up in an auction room in New York during the 1980s.The auction catalogue indicated that the carving was from Easter Island and the auctioneers told him that the sculpture had come from a junk-shop dealer in Pennsylvania. He knew that the, "grotesque head, attached to a body grossly elongated and as thin as a stick," was more important than the auctioneers believed it to be and had such presence and power that he bought it. He began an investigation to trace the origins of the artifact-an investigation that spans the globe and leads him on voyages to Russia, Australia, England, the Pacific, a Tahiti beach and finally to one of the most remote places on earth; and 15 years later, in a personal detective story that combines art, anthropology, and history traces the origin of the carving and in doing so tells the story of a forgotten civilization and of a people who inhabited one of the most remote places on Earth.
=546  \\$aIn English
=650  04$aPolynesian
=650  \4$aArchaeological artifacts
=650  \4$aCultural life
=650  \4$aIslands
=700  1\$aBroome, Kate.$4pro
=700  1\$aBroome, Kate.$4drt
=700  1\$aAttenborough, David,$d1926-
=773  0\$dLondon, United Kingdom : British Broadcasting Corporation (BBC), 2000
=856  40$uhttp://www.aspresolver.com/aspresolver.asp?ANTH;1869253$yAlexander Street Press Ethnographic Video Online
=859  \\$aORR$bAlexander Street Press
=883  0\$aLanguage codes assigned by Bayesian analysis of words present in record$d20201028$qUk$c0.9010
=985  \\$aUpgraded by BSS-generated file for WR2011-1472
=CAT  \\$aWR13_071$b00$c20130610$lBLL01$h1613
=CAT  \\$aBATCH$b00$c20130610$lBLL01$h1613
=CAT  \\$a6491$b40$c20150421$lBLL01$h1055
=CAT  \\$aWR16_088$c20160606$lBLL01$h1632
=CAT  \\$aW1610-0368$c20161006$lBLL01$h0938
=CAT  \\$aW1606-1753$c20171028$lBLL01$h1352
=CAT  \\$aW2011-1472$b00$c20201127$lBLL01$h1833
=FIN  \\$aY$d20130610
=LAS  \\$aW2011-1472$b00$c20201127$lBLL01$h1833

