=LDR  02152 gm a2200481uu 4500
=001  016428233
=003  Uk
=005  20201127183328.0
=008  100813s2007\\\\xx\|||\|||||||||||mleng\d
=FMT  \\$a  VM
=035  \\$aASP765410/ant1
=245  00$aThe Lost Water
=260  \\$aWatertown, MA$bDocumentary Educational Resources (DER)$c2007
=306  \\$a26 minutes
=490  0\$aEthnographic Video Online, Volume 1
=505  00$a73% of the total salt production in India comes from Gujarat State, almost 60% of which comes from Little Rann of Kutch (LRK), Gujarat.The government of Gujarat has consistently ignored the LRK area. The salt workers of LRK, known as Agariyas, are predominantly from the Koli and Chuvaliya Koli tribes. As bonded laborers, they are not only victims of wage discrimination, they are endure serious physical and mental health hazards due to the dangerous nature of their work.
=546  \\$aIn English, Subtitles in English
=650  04$aIndian
=650  \4$aEnvironment
=650  \4$aIndustry
=650  \4$aCultural identity
=650  \4$aRural population
=650  \4$aPoverty
=650  \4$aManual laborers
=650  \4$aWater supply
=650  \4$aHuman rights
=700  1\$aBajrange, Dakxin.$4pro
=700  1\$aBajrange, Dakxin.$4aut
=700  1\$aBajrange, Dakxin.$4drt
=773  0\$dWatertown, MA : Documentary Educational Resources (DER), 2007
=856  40$uhttp://www.aspresolver.com/aspresolver.asp?ANTH;765410$yAlexander Street Press Ethnographic Video Online
=859  \\$aORR$bAlexander Street Press
=883  0\$aLanguage codes assigned by Bayesian analysis of words present in record$d20201028$qUk$c0.9010
=985  \\$aUpgraded by BSS-generated file for WR2011-1472
=CAT  \\$aWR13_071$b00$c20130610$lBLL01$h1613
=CAT  \\$aBATCH$b00$c20130610$lBLL01$h1613
=CAT  \\$aBATCH-UPD$b00$c20130610$lBLL01$h1618
=CAT  \\$aWR16_088$c20160606$lBLL01$h1632
=CAT  \\$aW1610-0368$c20161006$lBLL01$h0938
=CAT  \\$aW1606-1753$c20171028$lBLL01$h1352
=CAT  \\$aW2011-1472$b00$c20201127$lBLL01$h1833
=FIN  \\$aY$d20130610
=LAS  \\$aW2011-1472$b00$c20201127$lBLL01$h1833

