=LDR  01693 gm a2200505uu 4500
=001  016428235
=003  Uk
=005  20201127183328.0
=008  100813s9999\\\\xx\|||\|||||||||||mleng\d
=FMT  \\$a  VM
=035  \\$aASP873486/ant1
=245  00$aLouisiana Story
=260  \\$aLouisiana$bLopert Films Inc.
=306  \\$a78 minutes
=490  0\$aEthnographic Video Online, Volume 1
=505  00$aIn English
=650  04$aAmerican
=650  04$aCajun
=650  \4$aAnimal attacks
=650  \4$aHunting
=650  \4$aSport fishing
=650  \4$aSwamps
=650  \4$aOil mining
=700  1\$aFlaherty, Robert J.$4pro
=700  1\$aFlaherty, Frances$4aut
=700  1\$aFlaherty, Robert J.$4aut
=700  1\$aFlaherty, Robert J.$4drt
=700  1\$aBienvenu, E.$4oth
=700  1\$aBoudreaux, Joseph.$4oth
=700  1\$aHardy, Frank.$4oth
=700  1\$aLe Blanc, Lionel$4oth
=773  0\$dLouisiana : Lopert Films Inc.
=856  40$uhttp://www.aspresolver.com/aspresolver.asp?ANTH;873486$yAlexander Street Press Ethnographic Video Online
=859  \\$aORR$bAlexander Street Press
=883  0\$aLanguage codes assigned by Bayesian analysis of words present in record$d20201028$qUk$c0.9010
=985  \\$aUpgraded by BSS-generated file for WR2011-1472
=CAT  \\$aWR13_071$b00$c20130610$lBLL01$h1613
=CAT  \\$aBATCH$b00$c20130610$lBLL01$h1613
=CAT  \\$aWR16_088$c20160606$lBLL01$h1632
=CAT  \\$aBATCH-UPD$b00$c20160606$lBLL01$h1635
=CAT  \\$aW1610-0368$c20161006$lBLL01$h0938
=CAT  \\$aW1606-1753$c20171028$lBLL01$h1352
=CAT  \\$aW2011-1472$b00$c20201127$lBLL01$h1833
=FIN  \\$aY$d20130610
=LAS  \\$aW2011-1472$b00$c20201127$lBLL01$h1833

