=LDR  02859 gm a2200445uu 4500
=001  016428236
=003  Uk
=005  20201127183328.0
=008  100813s9999\\\\xx\|||\|||||||||||mleng\d
=FMT  \\$a  VM
=035  \\$aASP1689308/ant1
=245  00$aA Love Apart
=260  \\$aNew York, NY$bFilmakers Library
=306  \\$a52 minutes
=490  0\$aEthnographic Video Online, Volume 1
=505  00$aThis beautifully filmed documentary was shot in Niger, in the barren landscape of the desert, where a nomadic tribe, the Tuareg, keep their traditional ways. A charismatic teenager, Rhaissa, is about to marry a man she has never met. She learns from her girlfriend Fatima that her husband-to-be is not very handsome nor has an abundance of "ashek" or pride. But Rhaissa only giggles for she is resigned to her fate. Her parents have accepted the proposal and the unspoken tribal rules must be followed. This is the last time that Rhaissa can be a girl and have a shepherd's freedom to follow the sheep.The marriage ritual demands that Rhaissa spend the week before her marriage in a wedding tent, where she cannot speak to anyone or leave its confines. It is hard for this beautiful, energetic girl to be so confined but she submits with good grace. Her friends rubs potions into her skin and brush her hair as they prepare her for the big event.Outside the tent the wedding celebration begins in earnest as villages arrive on camels loaded with gifts, Some of her other girlfriends are rebelling against these tribal ways and want to choose their own mates. Rhaissa however remains a dutiful Tuareg, and is willing to first meet her husband on the wedding night. This warm, intimate documentary allows the viewer to glimpse a tradition that may soon be just a memory.
=650  04$aTuareg
=650  \4$aLove
=650  \4$aWeddings
=650  \4$aCultural identity
=650  \4$aArranged marriages
=650  \4$aTribal and national groups
=700  1\$aRink, Eva$4pro
=700  1\$aHaasen, Bettina$4aut
=700  1\$aHaasen, Bettina$4drt
=700  1\$aFatimata$4oth
=700  1\$aRhaissa$4oth
=773  0\$dNew York, NY : Filmakers Library
=856  40$uhttp://www.aspresolver.com/aspresolver.asp?ANTH;1689308$yAlexander Street Press Ethnographic Video Online
=859  \\$aORR$bAlexander Street Press
=883  0\$aLanguage codes assigned by Bayesian analysis of words present in record$d20201028$qUk$c0.9010
=985  \\$aUpgraded by BSS-generated file for WR2011-1472
=CAT  \\$aWR13_071$b00$c20130610$lBLL01$h1613
=CAT  \\$aBATCH$b00$c20130610$lBLL01$h1613
=CAT  \\$aWR16_088$c20160606$lBLL01$h1632
=CAT  \\$aW1610-0368$c20161006$lBLL01$h0938
=CAT  \\$aW1606-1753$c20171028$lBLL01$h1352
=CAT  \\$aW2011-1472$b00$c20201127$lBLL01$h1833
=FIN  \\$aY$d20130610
=LAS  \\$aW2011-1472$b00$c20201127$lBLL01$h1833

