=LDR  01992 gm a2200481uu 4500
=001  016428237
=003  Uk
=005  20201127183328.0
=008  100813s2006\\\\xx\|||\|||||||||||mleng\d
=FMT  \\$a  VM
=035  \\$aASP764898/ant1
=245  00$aLove Iranian-American Style
=260  \\$aWatertown, MA$bDocumentary Educational Resources (DER)$c2006
=306  \\$a63 minutes
=490  0\$aEthnographic Video Online, Volume 1
=505  00$aSexual purity, money and a mother's worries come together in this humorous guided tour of America's status-obsessed Iranian Jewish community. The film follows Tanaz, the narrator, a hip New Yorker whose Iranian family attempts to marry her off now that she's reached the age of 25.
=546  \\$aIn English
=650  04$aIranian
=650  \4$aCultural assimilation
=650  \4$aIntergenerational conflict
=650  \4$aJewish people
=650  \4$aCultural identity
=650  \4$aSexuality
=650  \4$aMarriage
=700  1\$aEshaghian, Tanaz.$4pro
=700  1\$aEshaghian, Tanaz.$4aut
=700  1\$aEshaghian, Tanaz.$4drt
=700  1\$aEshaghian, Mahrokh$4oth
=700  1\$aEshaghian, Tanaz.$4nrt
=773  0\$dWatertown, MA : Documentary Educational Resources (DER), 2006
=856  40$uhttp://www.aspresolver.com/aspresolver.asp?ANTH;764898$yAlexander Street Press Ethnographic Video Online
=859  \\$aORR$bAlexander Street Press
=883  0\$aLanguage codes assigned by Bayesian analysis of words present in record$d20201028$qUk$c0.9010
=985  \\$aUpgraded by BSS-generated file for WR2011-1472
=CAT  \\$aWR13_071$b00$c20130610$lBLL01$h1613
=CAT  \\$aBATCH$b00$c20130610$lBLL01$h1613
=CAT  \\$aWR16_088$c20160606$lBLL01$h1632
=CAT  \\$aBATCH-UPD$b00$c20160606$lBLL01$h1635
=CAT  \\$aW1610-0368$c20161006$lBLL01$h0938
=CAT  \\$aW1606-1753$c20171028$lBLL01$h1352
=CAT  \\$aW2011-1472$b00$c20201127$lBLL01$h1833
=FIN  \\$aY$d20130610
=LAS  \\$aW2011-1472$b00$c20201127$lBLL01$h1833

