=LDR  02223 gm a2200553uu 4500
=001  016428238
=003  Uk
=005  20201127183328.0
=008  100813s1985\\\\xx\|||\|||||||||||mleng\d
=FMT  \\$a  VM
=035  \\$aASP764900/ant1
=245  00$aLoving Krishna
=260  \\$aWatertown, MA$bDocumentary Educational Resources (DER)$c1985
=306  \\$a57 minutes
=490  0\$aEthnographic Video Online, Volume 1
=505  00$aLoving Krishna is about the worship of Krishna and the meaning of devotion. It explores the rural and urban character of the town of Vishnapur in West Bengal by examining the royal past, everyday life, work in traditional arts and crafts, bazaar exchange, and sacred rituals and festivals.
=546  \\$aIn English
=650  04$aBengali
=650  04$aIndian
=650  \4$aTribal and national groups
=650  \4$aReligious rites and ceremonies
=650  \4$aReligious festivals
=650  \4$aCultural identity
=650  \4$aWorship
=650  \4$aHinduism
=700  1\$aGardner, Robert.$4pro
=700  1\$aÖstör, Ákos.$4pro
=700  1\$aMoore, Allen.$4aut
=700  1\$aÖstör, Ákos.$4aut
=700  1\$aMoore, Allen,$d1952-
=700  1\$aÖstör, Ákos.$4drt
=700  1\$aGoswami, Nanda Dulal$4oth
=700  1\$aNandi, Aswini Kumar$4oth
=700  1\$aMoore, Allen.$4nrt
=773  0\$dWatertown, MA : Documentary Educational Resources (DER), 1985
=856  40$uhttp://www.aspresolver.com/aspresolver.asp?ANTH;764900$yAlexander Street Press Ethnographic Video Online
=859  \\$aORR$bAlexander Street Press
=883  0\$aLanguage codes assigned by Bayesian analysis of words present in record$d20201028$qUk$c0.9010
=985  \\$aUpgraded by BSS-generated file for WR2011-1472
=CAT  \\$aWR13_071$b00$c20130610$lBLL01$h1613
=CAT  \\$aBATCH$b00$c20130610$lBLL01$h1613
=CAT  \\$aBATCH-UPD$b00$c20160226$lBLL01$h2047
=CAT  \\$a8962$b40$c20160302$lBLL01$h0916
=CAT  \\$aWR16_088$c20160606$lBLL01$h1632
=CAT  \\$aW1610-0368$c20161006$lBLL01$h0938
=CAT  \\$aW1606-1753$c20171028$lBLL01$h1352
=CAT  \\$aW2011-1472$b00$c20201127$lBLL01$h1833
=FIN  \\$aY$d20130610
=LAS  \\$aW2011-1472$b00$c20201127$lBLL01$h1833

