=LDR  02309 gm a2200397uu 4500
=001  016428240
=003  Uk
=005  20201127183328.0
=008  100813s9999\\\\xx\|||\|||||||||||mleng\d
=FMT  \\$a  VM
=035  \\$aASP1785010/ant1
=245  00$aThe Maasai and Agents of Change
=260  \\$aNew York, NY$bFilmakers Library
=306  \\$a32 minutes
=490  0\$aEthnographic Video Online, Volume 1
=520  3\$aHere is a rare opportunity to see life among the Maasai as filmed by one of their own warriors. The filmmaker and narrator is a Maasai who is studying at a United States college. He returned to Kenya to film the lifestyles and colorful ceremonies of his people before their culture becomes extinct. We learn that the traditional pastoral and nomadic life is under attack by outside forces who want to impose a money economy and privatize of land. The traditional way of ruling by a council of elders is being supplanted by elected officials (and even in Maasai land there are complaints on the accuracy of the voting cards!) The community is divided among those who voice their intense displeasure at the erosion of traditions and those who feel that the Maasai must change if they are to survive in today's world. The Maasai speak frankly to the filmmaker since he is one of their own.
=546  \\$aIn English
=650  04$aMaasai
=650  \4$aEconomic conditions
=650  \4$aCultural assimilation
=650  \4$aCultural change and history
=650  \4$aTribal and national groups
=700  1\$aHamisi, Kakuta Ole Maimai$4pro
=773  0\$dNew York, NY : Filmakers Library
=856  40$uhttp://www.aspresolver.com/aspresolver.asp?ANTH;1785010$yAlexander Street Press Ethnographic Video Online
=859  \\$aORR$bAlexander Street Press
=883  0\$aLanguage codes assigned by Bayesian analysis of words present in record$d20201028$qUk$c0.9010
=985  \\$aUpgraded by BSS-generated file for WR2011-1472
=CAT  \\$aWR13_071$b00$c20130610$lBLL01$h1613
=CAT  \\$aBATCH$b00$c20130610$lBLL01$h1613
=CAT  \\$aWR16_088$c20160606$lBLL01$h1632
=CAT  \\$aW1610-0368$c20161006$lBLL01$h0938
=CAT  \\$aW1606-1753$c20171028$lBLL01$h1352
=CAT  \\$aW2011-1472$b00$c20201127$lBLL01$h1833
=FIN  \\$aY$d20130610
=LAS  \\$aW2011-1472$b00$c20201127$lBLL01$h1833

