=LDR  02761 gm a2200445uu 4500
=001  016428241
=003  Uk
=005  20201127183328.0
=008  100813s9999\\\\xx\|||\|||||||||||mleng\d
=FMT  \\$a  VM
=035  \\$aASP1779519/ant1
=245  00$aMaasai on the Move
=260  \\$aCopenhagen, Denmark$bDanish Broadcasting Corporation
=306  \\$a49 minutes
=490  0\$aEthnographic Video Online, Volume 1
=505  00$aAt once sharp and poetic, this film explores issues such as globalisation, development, wealth and love in the Maasai culture. Leaving stereotypes behind, the documentary shows us a people greatly aware of the world we inhabit, and invites us to recognise the need to change our lifestyles in order to survive. It will confront us with our habitual conceptions and pre-justices about indigenous people and about the actual meaning of development.The Ngorongoro district, home to the Maasai people, is one of the world's most popular safari-locations. The Maasai have maintained their traditional way of life for centuries, and still they are fully aware of both global warming and the financial crisis. And they are very much influenced by both. The access to land is fundamental, but it is a daily struggle with the authorities to maintain the right to land that has been their home for centuries. This conflict is bit of a paradox, as the Maasai have always been living in harmony with the wildlife - the primary reason why wildlife is found to such abundance in Maasai areas. But the problem is the huge income from tourism, an income the authorities would like to keep to themselves.
=650  04$aMaasai
=650  \4$aEconomic development
=650  \4$aDrought
=650  \4$aFamily
=650  \4$aEconomic conditions
=650  \4$aCultural identity
=650  \4$aTribal and national groups
=700  1\$aSchmidt, Robin.$4pro
=700  1\$aSchmidt, Robin.$4drt
=700  1\$aVest, Morten.$4drt
=773  0\$dCopenhagen, Denmark : Danish Broadcasting Corporation
=856  40$uhttp://www.aspresolver.com/aspresolver.asp?ANTH;1779519$yAlexander Street Press Ethnographic Video Online
=859  \\$aORR$bAlexander Street Press
=883  0\$aLanguage codes assigned by Bayesian analysis of words present in record$d20201028$qUk$c0.9010
=985  \\$aUpgraded by BSS-generated file for WR2011-1472
=CAT  \\$aWR13_071$b00$c20130610$lBLL01$h1613
=CAT  \\$aBATCH$b00$c20130610$lBLL01$h1613
=CAT  \\$aWR16_088$c20160606$lBLL01$h1632
=CAT  \\$aBATCH-UPD$b00$c20160606$lBLL01$h1635
=CAT  \\$aW1610-0368$c20161006$lBLL01$h0938
=CAT  \\$aW1606-1753$c20171028$lBLL01$h1352
=CAT  \\$aW2011-1472$b00$c20201127$lBLL01$h1833
=FIN  \\$aY$d20130610
=LAS  \\$aW2011-1472$b00$c20201127$lBLL01$h1833

