=LDR  01929 gm a2200457uu 4500
=001  016428242
=003  Uk
=005  20201127183328.0
=008  100813s2008\\\\xx\|||\|||||||||||mleng\d
=FMT  \\$a  VM
=035  \\$aASP764902/ant1
=245  00$aMacaques
=260  \\$aWatertown, MA$bDocumentary Educational Resources (DER)$c2008
=306  \\$a53 minutes
=490  0\$aEthnographic Video Online, Volume 1
=505  00$aThis video presents an overview of the genus Macaca, beginning with a discussion of their place in the primate order and their adaptability. This potential for eating a wide variety of foods and living in both temperate and tropical environments at a variety of altitudes means they are very similar to humans in their ability to exploit a range of habitats.
=546  \\$aIn English
=650  \4$aAnthropology
=650  \4$aPrimates
=650  \4$aZoology
=650  \4$aBehavior
=650  \4$aMonkeys
=650  \4$aEnvironment
=700  1\$aZeller, Anne.$4pro
=700  1\$aZeller, Anne.$4aut
=700  1\$aZeller, Anne.$4drt
=700  1\$aZeller, Anne.$4nrt
=773  0\$dWatertown, MA : Documentary Educational Resources (DER), 2008
=856  40$uhttp://www.aspresolver.com/aspresolver.asp?ANTH;764902$yAlexander Street Press Ethnographic Video Online
=859  \\$aORR$bAlexander Street Press
=883  0\$aLanguage codes assigned by Bayesian analysis of words present in record$d20201028$qUk$c0.9010
=985  \\$aUpgraded by BSS-generated file for WR2011-1472
=CAT  \\$aWR13_071$b00$c20130610$lBLL01$h1613
=CAT  \\$aBATCH$b00$c20130610$lBLL01$h1613
=CAT  \\$aWR16_088$c20160606$lBLL01$h1632
=CAT  \\$aBATCH-UPD$b00$c20160606$lBLL01$h1635
=CAT  \\$aW1610-0368$c20161006$lBLL01$h0938
=CAT  \\$aW1606-1753$c20171028$lBLL01$h1352
=CAT  \\$aW2011-1472$b00$c20201127$lBLL01$h1833
=FIN  \\$aY$d20130610
=LAS  \\$aW2011-1472$b00$c20201127$lBLL01$h1833

