=LDR  01923 gm a2200409uu 4500
=001  016428243
=003  Uk
=005  20201127183328.0
=008  100813s9999\\\\xx\|||\|||||||||||mleng\d
=FMT  \\$a  VM
=035  \\$aASP1870914/ant1
=245  00$aMagic Men of Vanuatu
=260  \\$aParis, France$bZED
=306  \\$a57 minutes
=490  0\$aEthnographic Video Online, Volume 1
=505  00$aIn the Vanuatu Islands, some communities live in harmony with Nature and question magicians to calm down the spirits.Two men will bear witness to this fact.On the island of Tanna, Yehuk must capture a secret turtle with the help of magic stones. And on the island of Ambryn, Koran must seek the help of magic men for his fishing to become successful once again. Will the power of magic be sufficient?In a 52' documentary film, discover the magicians of Vanuatu and the two men who must appeal to them if they are to succeed.
=546  \\$aIn English
=650  04$aMelanesian
=650  \4$aCultural identity
=650  \4$aTribal and national groups
=650  \4$aSpirituality
=700  1\$aSegur, Jérôme$4drt
=700  1\$aSégur, Benoît$4drt
=700  1\$aWenger, Allan$4nrt
=773  0\$dParis, France : ZED
=856  40$uhttp://www.aspresolver.com/aspresolver.asp?ANTH;1870914$yAlexander Street Press Ethnographic Video Online
=859  \\$aORR$bAlexander Street Press
=883  0\$aLanguage codes assigned by Bayesian analysis of words present in record$d20201028$qUk$c0.9010
=985  \\$aUpgraded by BSS-generated file for WR2011-1472
=CAT  \\$aWR13_071$b00$c20130610$lBLL01$h1613
=CAT  \\$aBATCH$b00$c20130610$lBLL01$h1613
=CAT  \\$aWR16_088$c20160606$lBLL01$h1632
=CAT  \\$aW1610-0368$c20161006$lBLL01$h0938
=CAT  \\$aW1606-1753$c20171028$lBLL01$h1352
=CAT  \\$aW2011-1472$b00$c20201127$lBLL01$h1833
=FIN  \\$aY$d20130610
=LAS  \\$aW2011-1472$b00$c20201127$lBLL01$h1833

