=LDR  02008 gm a2200529uu 4500
=001  016428244
=003  Uk
=005  20201127183328.0
=008  100813s1973\\\\xx\|||\|||||||||||mleng\d
=FMT  \\$a  VM
=035  \\$aASP764906/ant1
=245  00$aMagical Death
=260  \\$aVenezuela$bDocumentary Educational Resources (DER)$c1973
=306  \\$a29 minutes
=490  0\$aEthnographic Video Online, Volume 1
=505  00$aRecorded in 1971
=520  3\$aThis film is an exceptionally vivid portrayal of shamanic activity, as well as an exploration of the close connection between politics and shamanism in Yanomamo culture.
=546  \\$aIn English
=650  04$aYanomamö
=650  \4$aTribal and national groups
=650  \4$aRural population
=650  \4$aPolitics
=650  \4$aRecreational drugs
=650  \4$aReligious rites and ceremonies
=650  \4$aShamanism
=700  1\$aAsch, Timothy.$4pro
=700  1\$aChagnon, Napoleon$4pro
=700  1\$aAsch, Timothy.$4aut
=700  1\$aChagnon, Napoleon$4aut
=700  1\$aAsch, Timothy.$4drt
=700  1\$aChagnon, Napoleon$4drt
=700  1\$aDedeheiwä$4oth
=700  1\$aChagnon, Napoleon$4nrt
=773  0\$dVenezuela : Documentary Educational Resources (DER), 1973
=856  40$uhttp://www.aspresolver.com/aspresolver.asp?ANTH;764906$yAlexander Street Press Ethnographic Video Online
=859  \\$aORR$bAlexander Street Press
=883  0\$aLanguage codes assigned by Bayesian analysis of words present in record$d20201028$qUk$c0.9010
=985  \\$aUpgraded by BSS-generated file for WR2011-1472
=CAT  \\$aWR13_071$b00$c20130610$lBLL01$h1613
=CAT  \\$aBATCH$b00$c20130610$lBLL01$h1613
=CAT  \\$aWR16_088$c20160606$lBLL01$h1632
=CAT  \\$aBATCH-UPD$b00$c20160606$lBLL01$h1635
=CAT  \\$aW1610-0368$c20161006$lBLL01$h0938
=CAT  \\$aW1606-1753$c20171028$lBLL01$h1352
=CAT  \\$aW2011-1472$b00$c20201127$lBLL01$h1833
=FIN  \\$aY$d20130610
=LAS  \\$aW2011-1472$b00$c20201127$lBLL01$h1833

