=LDR  01876 gm a2200397uu 4500
=001  016428245
=003  Uk
=005  20201127183328.0
=008  100813s9999\\\\xx\|||\|||||||||||mleng\d
=FMT  \\$a  VM
=035  \\$aASP1871095/ant1
=245  00$aThe Magical Mountain of Tibet
=260  \\$aParis, France$bZED
=306  \\$a53 minutes
=490  0\$aEthnographic Video Online, Volume 1
=505  00$aIn the heart of the Himalayas, in Tibet, the Mount Kailash is a unique place that is considered sacred by both Hinduists and Buddhists. At an altitude of 6,700 meters, it attracts each year millions of pilgrims in search of spirituality and freedom. From Kathmandu to the Tibetan Wild West, Florence Tran and Simon Allix, two explorers, will take us on their journey and will initiate their pilgrimage with a specific goal: the homage to a loved one and the need for coming back to life.
=546  \\$aIn English, Subtitles in English
=650  04$aTibetan
=650  \4$aSpirituality
=650  \4$aPilgrimage
=700  1\$aAllix, Simon.$4drt
=700  1\$aTran, Florence.$4drt
=773  0\$dParis, France : ZED
=856  40$uhttp://www.aspresolver.com/aspresolver.asp?ANTH;1871095$yAlexander Street Press Ethnographic Video Online
=859  \\$aORR$bAlexander Street Press
=883  0\$aLanguage codes assigned by Bayesian analysis of words present in record$d20201028$qUk$c0.9010
=985  \\$aUpgraded by BSS-generated file for WR2011-1472
=CAT  \\$aWR13_071$b00$c20130610$lBLL01$h1613
=CAT  \\$aBATCH$b00$c20130610$lBLL01$h1613
=CAT  \\$aWR16_088$c20160606$lBLL01$h1632
=CAT  \\$aBATCH-UPD$b00$c20160606$lBLL01$h1635
=CAT  \\$aW1610-0368$c20161006$lBLL01$h0938
=CAT  \\$aW1606-1753$c20171028$lBLL01$h1352
=CAT  \\$aW2011-1472$b00$c20201127$lBLL01$h1833
=FIN  \\$aY$d20130610
=LAS  \\$aW2011-1472$b00$c20201127$lBLL01$h1833

