=LDR  02605 gm a2200529uu 4500
=001  016428246
=003  Uk
=005  20201127183328.0
=008  100813s9999\\\\xx\|||\|||||||||||mleng\d
=FMT  \\$a  VM
=035  \\$aASP1689350/ant1
=245  00$aMaharajah Burger
=260  \\$aNew York, NY$bFilmakers Library
=306  \\$a50 minutes
=490  0\$aEthnographic Video Online, Volume 1
=505  00$aThis film takes a wry look at the cultural confrontation of East and West, as reflected in attitudes towards the cow. In India, the cow is revered and cared for well beyond its prime. We see a hospice where cows spend their last days in comfort. When the BBC reports on the mass slaughter of cows due to mad cow disease, the Indians are appalled. One suggests that the British send their sick and old cows to India for caretaking. When McDonalds opened up in New Delhi, featuring the Maharajah Burger, there was outrage at this affront. To many Indians it is a symbol of Western cultural imperialism - Western greed undermining traditional values in India. One elderly maharajah hopefully observes that the Indian culture has survived thousands of years and will not succumb to this latest onslaught.
=546  \\$aIn English, Subtitles in English
=650  04$aIndian
=650  \4$aCattle
=650  \4$aHinduism
=650  \4$aAnimal illnesses
=650  \4$aReligious beliefs
=650  \4$aCultural identity
=650  \4$aDiet and food
=700  1\$aBalmès, Thomas.$4pro
=700  1\$aGuigon, Juliette.$4pro
=700  1\$aWinocour, Patrick.$4pro
=700  1\$aBalmès, Thomas.$4aut
=700  1\$aBalmès, Thomas.$4drt
=700  1\$aGiri, Sham$4oth
=700  1\$aSingh, Arvin$4oth
=700  1\$aSingh, Baldev.$4oth
=773  0\$dNew York, NY : Filmakers Library
=856  40$uhttp://www.aspresolver.com/aspresolver.asp?ANTH;1689350$yAlexander Street Press Ethnographic Video Online
=859  \\$aORR$bAlexander Street Press
=883  0\$aLanguage codes assigned by Bayesian analysis of words present in record$d20201028$qUk$c0.9010
=985  \\$aUpgraded by BSS-generated file for WR2011-1472
=CAT  \\$aWR13_071$b00$c20130610$lBLL01$h1613
=CAT  \\$aBATCH$b00$c20130610$lBLL01$h1613
=CAT  \\$aWR16_088$c20160606$lBLL01$h1632
=CAT  \\$aBATCH-UPD$b00$c20160606$lBLL01$h1635
=CAT  \\$aW1610-0368$c20161006$lBLL01$h0938
=CAT  \\$aW1606-1753$c20171028$lBLL01$h1352
=CAT  \\$aBATCH-UPD$b00$c20181230$lBLL01$h2032
=CAT  \\$aW2011-1472$b00$c20201127$lBLL01$h1833
=FIN  \\$aY$d20130610
=LAS  \\$aW2011-1472$b00$c20201127$lBLL01$h1833

