=LDR  01897 gm a2200481uu 4500
=001  016428247
=003  Uk
=005  20201127183328.0
=008  100813s2001\\\\xx\|||\|||||||||||mleng\d
=FMT  \\$a  VM
=035  \\$aASP764908/ant1
=245  00$aMahasweta Devi: Witness, Advocate, Writer
=260  \\$aWatertown, MA$bDocumentary Educational Resources (DER)$c2001
=306  \\$a27 minutes
=490  0\$aEthnographic Video Online, Volume 1
=505  00$aAt the center of a half-century of tumultuous change, the lifetime of Mahasweta Devi has spanned the British period, Independence, and fifty years of post-colonial turmoil.
=546  \\$aIn English, Subtitles in English
=650  04$aIndian
=650  04$aSabar
=650  \4$aTribal and national groups
=650  \4$aWomen
=650  \4$aWriters
=650  \4$aDiscrimination
=650  \4$aSocial activists
=700  1\$aSchwarz, Henry.$4pro
=700  1\$aSikand, Nandini.$4pro
=700  1\$aTalukdar, Shashwati.$4aut
=700  1\$aTalukdar, Shashwati.$4drt
=700  1\$aDevi, Mahasweta$4oth
=773  0\$dWatertown, MA : Documentary Educational Resources (DER), 2001
=856  40$uhttp://www.aspresolver.com/aspresolver.asp?ANTH;764908$yAlexander Street Press Ethnographic Video Online
=859  \\$aORR$bAlexander Street Press
=883  0\$aLanguage codes assigned by Bayesian analysis of words present in record$d20201028$qUk$c0.9010
=985  \\$aUpgraded by BSS-generated file for WR2011-1472
=CAT  \\$aWR13_071$b00$c20130610$lBLL01$h1613
=CAT  \\$aBATCH$b00$c20130610$lBLL01$h1613
=CAT  \\$aBATCH-UPD$b00$c20150918$lBLL01$h2047
=CAT  \\$aWR16_088$c20160606$lBLL01$h1632
=CAT  \\$aW1610-0368$c20161006$lBLL01$h0938
=CAT  \\$aW1606-1753$c20171028$lBLL01$h1352
=CAT  \\$aW2011-1472$b00$c20201127$lBLL01$h1833
=FIN  \\$aY$d20130610
=LAS  \\$aW2011-1472$b00$c20201127$lBLL01$h1833

