=LDR  01779 gm a2200421uu 4500
=001  016428249
=003  Uk
=005  20201127183328.0
=008  100813s9999\\\\xx\|||\|||||||||||mleng\d
=FMT  \\$a  VM
=035  \\$aASP1869293/ant1
=245  00$aMahi Mahi Hunter
=260  \\$aParis, France$bZED
=306  \\$a39 minutes
=490  0\$aEthnographic Video Online, Volume 1
=505  00$aToday, there is in our ordinary and structured world, people who are now shaping the legends of tomorrow, thanks to their direct contact with nature: fishermen, hunters, nature keepers. Let us embark on their fantastic adventures. From the Tahitian Mahi Mahi hunter to the South Pacific cow boys, meet the people who create tomorrow's world legends.
=546  \\$aIn English
=650  04$aPolynesian
=650  \4$aSight-seeing
=650  \4$aOccupations
=650  \4$aCommercial fishing
=700  1\$aQueyrat, Jean$4drt
=700  1\$aSegur, Jérôme$4drt
=700  1\$aGivry, Edgar.$4nrt
=773  0\$dParis, France : ZED
=856  40$uhttp://www.aspresolver.com/aspresolver.asp?ANTH;1869293$yAlexander Street Press Ethnographic Video Online
=859  \\$aORR$bAlexander Street Press
=883  0\$aLanguage codes assigned by Bayesian analysis of words present in record$d20201028$qUk$c0.9010
=985  \\$aUpgraded by BSS-generated file for WR2011-1472
=CAT  \\$aWR13_071$b00$c20130610$lBLL01$h1613
=CAT  \\$aBATCH$b00$c20130610$lBLL01$h1613
=CAT  \\$aWR16_088$c20160606$lBLL01$h1632
=CAT  \\$aBATCH-UPD$b00$c20160606$lBLL01$h1635
=CAT  \\$aW1610-0368$c20161006$lBLL01$h0938
=CAT  \\$aW1606-1753$c20171028$lBLL01$h1352
=CAT  \\$aW2011-1472$b00$c20201127$lBLL01$h1833
=FIN  \\$aY$d20130610
=LAS  \\$aW2011-1472$b00$c20201127$lBLL01$h1833

