=LDR  02007 gm a2200457uu 4500
=001  016428250
=003  Uk
=005  20201127183328.0
=008  100813s1999\\\\xx\|||\|||||||||||mleng\d
=FMT  \\$a  VM
=035  \\$aASP764910/ant1
=245  00$aMakiko's New World
=260  \\$aWatertown, MA$bDocumentary Educational Resources (DER)$c1999
=306  \\$a57 minutes
=490  0\$aEthnographic Video Online, Volume 1
=505  00$aEarly in the 20th century new opportunities were opened to Japanese women, thanks to modern consumer goods and to the new technologies of self-awareness offered by snapshot cameras, family albums, and mass produced diary books.Nakano Makiko and her family were on the hinge of historical change in 1910, the year that she kept a daily record of her activities as the young wife in a busy merchant household in Kyoto.
=546  \\$aIn English
=650  04$aJapanese
=650  \4$aWomen
=650  \4$aFamily
=650  \4$aGender roles
=650  \4$aDiaries
=650  \4$aCultural change and history
=700  1\$aPlath, David$4pro
=700  1\$aPlath, David$4aut
=700  1\$aKincaid, Chet.$4drt
=700  1\$aPlath, David$4nrt
=773  0\$dWatertown, MA : Documentary Educational Resources (DER), 1999
=856  40$uhttp://www.aspresolver.com/aspresolver.asp?ANTH;764910$yAlexander Street Press Ethnographic Video Online
=859  \\$aORR$bAlexander Street Press
=883  0\$aLanguage codes assigned by Bayesian analysis of words present in record$d20201028$qUk$c0.9010
=985  \\$aUpgraded by BSS-generated file for WR2011-1472
=CAT  \\$aWR13_071$b00$c20130610$lBLL01$h1613
=CAT  \\$aBATCH$b00$c20130610$lBLL01$h1613
=CAT  \\$aWR16_088$c20160606$lBLL01$h1632
=CAT  \\$aBATCH-UPD$b00$c20160606$lBLL01$h1635
=CAT  \\$aW1610-0368$c20161006$lBLL01$h0938
=CAT  \\$aW1606-1753$c20171028$lBLL01$h1352
=CAT  \\$aW2011-1472$b00$c20201127$lBLL01$h1833
=FIN  \\$aY$d20130610
=LAS  \\$aW2011-1472$b00$c20201127$lBLL01$h1833

