=LDR  01890 gm a2200469uu 4500
=001  016428251
=003  Uk
=005  20201127183328.0
=008  100813s9999\\\\xx\|||\|||||||||||mleng\d
=FMT  \\$a  VM
=035  \\$aASP1779520/ant1
=245  00$aMaking a Difference
=260  \\$aCopenhagen, Denmark$bDanish Broadcasting Corporation
=306  \\$a58 minutes
=490  0\$aEthnographic Video Online, Volume 1
=505  00$aIn many indigenous cultures one question keeps demanding attention: Can we survive in the modern world and should we? This film takes a closer look into this question from the viewpoint of four different indigenous peoples.
=546  \\$aIn English, Subtitles in English
=650  04$aGreenlander
=650  04$aAmerican Indian
=650  04$aChakma
=650  04$aSan
=650  \4$aCultural assimilation
=650  \4$aCultural identity
=650  \4$aLand redistribution
=650  \4$aProperty rights
=650  \4$aTribal and national groups
=700  1\$aChristensen, Anders Dencker.$4pro
=700  1\$aSejsbo, Mette.$4drt
=773  0\$dCopenhagen, Denmark : Danish Broadcasting Corporation
=856  40$uhttp://www.aspresolver.com/aspresolver.asp?ANTH;1779520$yAlexander Street Press Ethnographic Video Online
=859  \\$aORR$bAlexander Street Press
=883  0\$aLanguage codes assigned by Bayesian analysis of words present in record$d20201028$qUk$c0.9010
=985  \\$aUpgraded by BSS-generated file for WR2011-1472
=CAT  \\$aWR13_071$b00$c20130610$lBLL01$h1613
=CAT  \\$aBATCH$b00$c20130610$lBLL01$h1613
=CAT  \\$aWR16_088$c20160606$lBLL01$h1632
=CAT  \\$aBATCH-UPD$b00$c20160606$lBLL01$h1635
=CAT  \\$aW1610-0368$c20161006$lBLL01$h0938
=CAT  \\$aW1606-1753$c20171028$lBLL01$h1352
=CAT  \\$aW2011-1472$b00$c20201127$lBLL01$h1833
=FIN  \\$aY$d20130610
=LAS  \\$aW2011-1472$b00$c20201127$lBLL01$h1833

