=LDR  01980 gm a2200457uu 4500
=001  016428253
=003  Uk
=005  20201127183328.0
=008  100813s1982\\\\xx\|||\|||||||||||mleng\d
=FMT  \\$a  VM
=035  \\$aASP764912/ant1
=245  00$aMalagan Labadama: A Tribute to Buk-Buk
=260  \\$aWatertown, MA$bDocumentary Educational Resources (DER)$c1982
=306  \\$a58 minutes
=490  0\$aEthnographic Video Online, Volume 1
=505  00$aRecorded in 1979
=520  3\$aThe Melanesian island of New Ireland is a province of Papua New Guinea and lies in the Bismarck Archipelago four hundred miles northeast of New Guinea. For the people of the Mandak region of New Ireland the most dramatic and complex ceremonial events in their community are those surrounding death.
=546  \\$aIn English, Subtitles in English
=650  04$aPapua New Guinean
=650  \4$aBurial customs
=650  \4$aFunerals
=650  \4$aCultural identity
=650  \4$aTribal and national groups
=650  \4$aReligious rites and ceremonies
=700  1\$aOwen, Chris.$4aut
=700  1\$aOwen, Chris.$4drt
=700  1\$aKaparau, Eliachim$4oth
=773  0\$dWatertown, MA : Documentary Educational Resources (DER), 1982
=856  40$uhttp://www.aspresolver.com/aspresolver.asp?ANTH;764912$yAlexander Street Press Ethnographic Video Online
=859  \\$aORR$bAlexander Street Press
=883  0\$aLanguage codes assigned by Bayesian analysis of words present in record$d20201028$qUk$c0.9010
=985  \\$aUpgraded by BSS-generated file for WR2011-1472
=CAT  \\$aWR13_071$b00$c20130610$lBLL01$h1613
=CAT  \\$aBATCH$b00$c20130610$lBLL01$h1613
=CAT  \\$aWR16_088$c20160606$lBLL01$h1632
=CAT  \\$aBATCH-UPD$b00$c20160606$lBLL01$h1635
=CAT  \\$aW1610-0368$c20161006$lBLL01$h0938
=CAT  \\$aW1606-1753$c20171028$lBLL01$h1352
=CAT  \\$aW2011-1472$b00$c20201127$lBLL01$h1833
=FIN  \\$aY$d20130610
=LAS  \\$aW2011-1472$b00$c20201127$lBLL01$h1833

