=LDR  02111 gm a2200541uu 4500
=001  016428256
=003  Uk
=005  20201127183328.0
=008  100813s1974\\\\xx\|||\|||||||||||mleng\d
=FMT  \\$a  VM
=035  \\$aASP764390/ant1
=245  00$aA Man Called "Bee": Studying The Yanomamo
=260  \\$aWatertown, MA$bDocumentary Educational Resources (DER)$c1974
=306  \\$a40 minutes
=490  0\$aEthnographic Video Online, Volume 1
=505  00$aRecorded in 1971
=520  3\$aThis is one of the few ethnographic films in which the anthropologist appears as one of the subjects, and as such it is a lively introduction to the nature of fieldwork.
=546  \\$aIn Yanomamö, English, Subtitles in English
=650  04$aYanomamö
=650  \4$aCultural identity
=650  \4$aShamanism
=650  \4$aEthnosociology
=650  \4$aTribal and national groups
=650  \4$aRural population
=650  \4$aField work for anthropology
=700  1\$aAsch, Timothy.$4pro
=700  1\$aChagnon, Napoleon$4pro
=700  1\$aAsch, Timothy.$4aut
=700  1\$aChagnon, Napoleon$4aut
=700  1\$aAsch, Timothy.$4drt
=700  1\$aChagnon, Napoleon$4drt
=700  1\$aChagnon, Napoleon$4oth
=700  1\$aDedeheiwä$4oth
=700  1\$aMoäwä$4oth
=773  0\$dWatertown, MA : Documentary Educational Resources (DER), 1974
=856  40$uhttp://www.aspresolver.com/aspresolver.asp?ANTH;764390$yAlexander Street Press Ethnographic Video Online
=859  \\$aORR$bAlexander Street Press
=883  0\$aLanguage codes assigned by Bayesian analysis of words present in record$d20201028$qUk$c0.9010
=985  \\$aUpgraded by BSS-generated file for WR2011-1472
=CAT  \\$aWR13_071$b00$c20130610$lBLL01$h1613
=CAT  \\$aBATCH$b00$c20130610$lBLL01$h1613
=CAT  \\$aWR16_088$c20160606$lBLL01$h1632
=CAT  \\$aBATCH-UPD$b00$c20160606$lBLL01$h1635
=CAT  \\$aW1610-0368$c20161006$lBLL01$h0938
=CAT  \\$aW1606-1753$c20171028$lBLL01$h1352
=CAT  \\$aW2011-1472$b00$c20201127$lBLL01$h1833
=FIN  \\$aY$d20130610
=LAS  \\$aW2011-1472$b00$c20201127$lBLL01$h1833

