=LDR  02899 gm a2200529uu 4500
=001  016428257
=003  Uk
=005  20201127183328.0
=008  100813s9999\\\\xx\|||\|||||||||||mleng\d
=FMT  \\$a  VM
=035  \\$aASP1689352/ant1
=245  00$aMan, God, and Africa
=260  \\$aNew York, NY$bFilmakers Library
=306  \\$a51 minutes
=490  0\$aEthnographic Video Online, Volume 1
=505  00$aWhile the media has focused on the violent history of South Africa, it has paid little attention to a social phenomenon of great importance. Some nine-million South African blacks live with a strong commitment to their religion, Pentecostal Christianity. Their faith has enabled them to survive appalling hardship and deprivation. Their religion is a blend of deep-rooted African traditions and the imported values of Christianity. This commitment could be a stabilizing force in the new South Africa. This film captures the joyous singing and rhythmic movement that is common to the various black churches. It shows the African influence on funerals, baptisms, and weddings. Through these ceremonies the churches foster a sense of community and pride at being black South African. Adherents cut across all social classes. One sees an educated civil rights lawyer practice centuries-old healing practices. We hear from representatives of the traditional Church hierarchy, such as Archbishop Tutu and Allan Boesak, who have a profound respect for the adaptation of Christianity to the African culture.
=546  \\$aIn English
=650  04$aSouth African
=650  04$aAfrican
=650  \4$aPentecostalism
=650  \4$aReligious rites and ceremonies
=650  \4$aCongregations
=700  1\$aSamuelson, Marc$4pro
=700  1\$aSamuelson, Peter.$4pro
=700  1\$aWiseman, Laurie$4pro
=700  1\$aBoyd, Don.$4aut
=700  1\$aBoyd, Don.$4drt
=700  1\$aBoesak, Allan$4oth
=700  1\$aLion, Elizabeth$4oth
=700  1\$aLion, Godfrey$4oth
=700  1\$aTutu, Desmond.$4oth
=700  1\$aBoyd, Don.$4nrt
=773  0\$dNew York, NY : Filmakers Library
=856  40$uhttp://www.aspresolver.com/aspresolver.asp?ANTH;1689352$yAlexander Street Press Ethnographic Video Online
=859  \\$aORR$bAlexander Street Press
=883  0\$aLanguage codes assigned by Bayesian analysis of words present in record$d20201028$qUk$c0.9010
=985  \\$aUpgraded by BSS-generated file for WR2011-1472
=CAT  \\$aWR13_071$b00$c20130610$lBLL01$h1613
=CAT  \\$aBATCH$b00$c20130610$lBLL01$h1613
=CAT  \\$aBATCH-UPD$b00$c20141222$lBLL01$h0231
=CAT  \\$aBATCH-UPD$b00$c20151116$lBLL01$h0401
=CAT  \\$aWR16_088$c20160606$lBLL01$h1632
=CAT  \\$aW1610-0368$c20161006$lBLL01$h0938
=CAT  \\$aW1606-1753$c20171028$lBLL01$h1352
=CAT  \\$aW2011-1472$b00$c20201127$lBLL01$h1833
=FIN  \\$aY$d20130610
=LAS  \\$aW2011-1472$b00$c20201127$lBLL01$h1833

