=LDR  01632 gm a2200481uu 4500
=001  016428258
=003  Uk
=005  20201127183328.0
=008  100813s1934\\\\xx\|||\|||||||||||mleng\d
=FMT  \\$a  VM
=035  \\$aASP1779484/ant1
=245  00$aMan of Aran
=260  \\$aLondon$bGainsborough Pictures$c1934
=306  \\$a76 minutes
=490  0\$aEthnographic Video Online, Volume 1
=505  00$aIn English
=650  04$aIrish
=650  \4$aDaily life
=650  \4$aEnvironment
=650  \4$aWeather
=650  \4$aAgriculture
=650  \4$aSport fishing
=650  \4$aFish
=700  1\$aBalcon, Michael$4pro
=700  1\$aFlaherty, Robert J.$4aut
=700  1\$aFlaherty, Robert J.$4drt
=700  1\$aDillane, Michael.$4oth
=700  1\$aDirrane, Maggie.$4oth
=700  1\$aKing, Colman "Tiger"$4oth
=773  0\$dLondon : Gainsborough Pictures, 1934
=856  40$uhttp://www.aspresolver.com/aspresolver.asp?ANTH;1779484$yAlexander Street Press Ethnographic Video Online
=859  \\$aORR$bAlexander Street Press
=883  0\$aLanguage codes assigned by Bayesian analysis of words present in record$d20201028$qUk$c0.9010
=985  \\$aUpgraded by BSS-generated file for WR2011-1472
=CAT  \\$aWR13_071$b00$c20130610$lBLL01$h1613
=CAT  \\$aBATCH$b00$c20130610$lBLL01$h1613
=CAT  \\$aWR16_088$c20160606$lBLL01$h1632
=CAT  \\$aBATCH-UPD$b00$c20160606$lBLL01$h1635
=CAT  \\$aW1610-0368$c20161006$lBLL01$h0938
=CAT  \\$aW1606-1753$c20171028$lBLL01$h1352
=CAT  \\$aW2011-1472$b00$c20201127$lBLL01$h1833
=FIN  \\$aY$d20130610
=LAS  \\$aW2011-1472$b00$c20201127$lBLL01$h1833

