=LDR  02034 gm a2200493uu 4500
=001  016428259
=003  Uk
=005  20201127183328.0
=008  100813s1990\\\\xx\|||\|||||||||||mleng\d
=FMT  \\$a  VM
=035  \\$aASP764916/ant1
=245  00$aMan Without Pigs
=260  \\$aWatertown, MA$bDocumentary Educational Resources (DER)$c1990
=306  \\$a60 minutes
=490  0\$aEthnographic Video Online, Volume 1
=505  00$aJohn Waiko is the first Papua New Guinean to reach the status of professor. After receiving his doctorate from the Australian National University he traveled back to his home village of Tabara to celebrate the achievement with his own people of the Binandere clan.
=546  \\$aIn English, Subtitles in English
=650  04$aPapua New Guinean
=650  \4$aEducation
=650  \4$aIntercultural communication
=650  \4$aSocietal structure
=650  \4$aHomecomings
=650  \4$aReligious rites and ceremonies
=650  \4$aCultural identity
=650  \4$aTribal and national groups
=700  1\$aOwen, Chris.$4pro
=700  1\$aOwen, Chris.$4aut
=700  1\$aOwen, Chris.$4drt
=700  1\$aNelson, Hank.$4oth
=700  1\$aWaiko, John D.$4oth
=773  0\$dWatertown, MA : Documentary Educational Resources (DER), 1990
=856  40$uhttp://www.aspresolver.com/aspresolver.asp?ANTH;764916$yAlexander Street Press Ethnographic Video Online
=859  \\$aORR$bAlexander Street Press
=883  0\$aLanguage codes assigned by Bayesian analysis of words present in record$d20201028$qUk$c0.9010
=985  \\$aUpgraded by BSS-generated file for WR2011-1472
=CAT  \\$aWR13_071$b00$c20130610$lBLL01$h1613
=CAT  \\$aBATCH$b00$c20130610$lBLL01$h1613
=CAT  \\$aWR16_088$c20160606$lBLL01$h1632
=CAT  \\$aBATCH-UPD$b00$c20160606$lBLL01$h1635
=CAT  \\$aW1610-0368$c20161006$lBLL01$h0938
=CAT  \\$aW1606-1753$c20171028$lBLL01$h1352
=CAT  \\$aW2011-1472$b00$c20201127$lBLL01$h1833
=FIN  \\$aY$d20130610
=LAS  \\$aW2011-1472$b00$c20201127$lBLL01$h1833

