=LDR  01913 gm a2200457uu 4500
=001  016428260
=003  Uk
=005  20201127183328.0
=008  100813s1985\\\\xx\|||\|||||||||||mleng\d
=FMT  \\$a  VM
=035  \\$aASP765412/ant1
=245  00$aThe Mandolin King (El Rey del Bandolin)
=260  \\$aWatertown, MA$bDocumentary Educational Resources (DER)$c1985
=306  \\$a28 minutes
=490  0\$aEthnographic Video Online, Volume 1
=505  00$aCruz Quinal, "the mandolin king," lives near Cumana in a mountain valley surrounded by sugarcane fields. Perpetuating 16th century Spanish traditions of guitar-making, Cruz fashions such musical instruments as cuatros, marimba, escarpandola, and his own creation, a mandolin with two fretboards.
=546  \\$aIn English
=650  04$aVenezuelan
=650  \4$aMusic
=650  \4$aCrafts
=650  \4$aMusicians
=650  \4$aWoodworking
=650  \4$aMusical instruments
=700  1\$aDickinson, John.$4pro
=700  1\$aDickinson, John.$4aut
=700  1\$aDickinson, John.$4drt
=700  1\$aQuinal, Cruz.$4oth
=773  0\$dWatertown, MA : Documentary Educational Resources (DER), 1985
=856  40$uhttp://www.aspresolver.com/aspresolver.asp?ANTH;765412$yAlexander Street Press Ethnographic Video Online
=859  \\$aORR$bAlexander Street Press
=883  0\$aLanguage codes assigned by Bayesian analysis of words present in record$d20201028$qUk$c0.9010
=985  \\$aUpgraded by BSS-generated file for WR2011-1472
=CAT  \\$aWR13_071$b00$c20130610$lBLL01$h1613
=CAT  \\$aBATCH$b00$c20130610$lBLL01$h1613
=CAT  \\$aWR16_088$c20160606$lBLL01$h1632
=CAT  \\$aBATCH-UPD$b00$c20160606$lBLL01$h1635
=CAT  \\$aW1610-0368$c20161006$lBLL01$h0938
=CAT  \\$aW1606-1753$c20171028$lBLL01$h1352
=CAT  \\$aW2011-1472$b00$c20201127$lBLL01$h1833
=FIN  \\$aY$d20130610
=LAS  \\$aW2011-1472$b00$c20201127$lBLL01$h1833

