=LDR  01874 gm a2200493uu 4500
=001  016428261
=003  Uk
=005  20201127183328.0
=008  100813s2006\\\\xx\|||\|||||||||||mleng\d
=FMT  \\$a  VM
=035  \\$aASP764918/ant1
=245  00$aManhattan, Kansas
=260  \\$aWatertown, MA$bDocumentary Educational Resources (DER)$c2006
=306  \\$a78 minutes
=490  0\$aEthnographic Video Online, Volume 1
=505  00$aIn her first film, Wray travels to rural Kansas in an attempt to reconnect with her mother, Evie, for the first time since Evie's psychotic breakdown five years earlier.
=546  \\$aIn English
=650  04$aAmerican
=650  \4$aDaughters
=650  \4$aSingle mothers
=650  \4$aMental illnesses
=650  \4$aChildhood
=650  \4$aParent-child relations
=700  1\$aNegroponte, Michel.$4pro
=700  1\$aOxman, Alan.$4pro
=700  1\$aWray, Tara.$4pro
=700  1\$aWray, Tara.$4aut
=700  1\$aWray, Tara.$4drt
=700  1\$aWray, Evie.$4oth
=700  1\$aWray, Tara.$4oth
=773  0\$dWatertown, MA : Documentary Educational Resources (DER), 2006
=856  40$uhttp://www.aspresolver.com/aspresolver.asp?ANTH;764918$yAlexander Street Press Ethnographic Video Online
=859  \\$aORR$bAlexander Street Press
=883  0\$aLanguage codes assigned by Bayesian analysis of words present in record$d20201028$qUk$c0.9010
=985  \\$aUpgraded by BSS-generated file for WR2011-1472
=CAT  \\$aWR13_071$b00$c20130610$lBLL01$h1613
=CAT  \\$aBATCH$b00$c20130610$lBLL01$h1613
=CAT  \\$aWR16_088$c20160606$lBLL01$h1632
=CAT  \\$aBATCH-UPD$b00$c20160606$lBLL01$h1635
=CAT  \\$aW1610-0368$c20161006$lBLL01$h0938
=CAT  \\$aW1606-1753$c20171028$lBLL01$h1352
=CAT  \\$aW2011-1472$b00$c20201127$lBLL01$h1833
=FIN  \\$aY$d20130610
=LAS  \\$aW2011-1472$b00$c20201127$lBLL01$h1833

