=LDR  02084 gm a2200493uu 4500
=001  016428263
=003  Uk
=005  20201127183328.0
=008  100813s1984\\\\xx\|||\|||||||||||mleng\d
=FMT  \\$a  VM
=035  \\$aASP1779495/ant1
=245  00$aMaori: The New Dawn
=260  \\$aLondon, England$bBritish Broadcasting Corporation (BBC)$c1984
=306  \\$a48 minutes
=490  0\$aEthnographic Video Online, Volume 1
=505  00$aExplores a wide range of issues concerning Maori people in New Zealand. Includes the struggle for land rights, their forced acceptance of white culture and resulting loss of identity, Maori-Pakeha relationships and moves towards reviving Maori language and culture.
=546  \\$aIn English
=650  04$aMaori
=650  \4$aRacism
=650  \4$aCultural assimilation
=650  \4$aColonialism
=650  \4$aNational government
=650  \4$aDemonstrations
=650  \4$aCultural identity
=650  \4$aTribal and national groups
=650  \4$aProperty rights
=700  1\$aConway, Tom$c(Television producer and director),$4pro
=700  1\$aConway, Tom$c(Television producer and director),$4aut
=773  0\$dLondon, England : British Broadcasting Corporation (BBC), 1984
=856  40$uhttp://www.aspresolver.com/aspresolver.asp?ANTH;1779495$yAlexander Street Press Ethnographic Video Online
=859  \\$aORR$bAlexander Street Press
=883  0\$aLanguage codes assigned by Bayesian analysis of words present in record$d20201028$qUk$c0.9010
=985  \\$aUpgraded by BSS-generated file for WR2011-1472
=CAT  \\$aWR13_071$b00$c20130610$lBLL01$h1613
=CAT  \\$aBATCH$b00$c20130610$lBLL01$h1613
=CAT  \\$aWR16_088$c20160606$lBLL01$h1632
=CAT  \\$aW1610-0368$c20161006$lBLL01$h0938
=CAT  \\$aBATCH-UPD$b00$c20171012$lBLL01$h2020
=CAT  \\$aW1606-1753$c20171028$lBLL01$h1352
=CAT  \\$aBATCH-UPD$b00$c20181006$lBLL01$h1713
=CAT  \\$a5194$b40$c20181008$lBLL01$h1220
=CAT  \\$aW2011-1472$b00$c20201127$lBLL01$h1833
=FIN  \\$aY$d20130610
=LAS  \\$aW2011-1472$b00$c20201127$lBLL01$h1833

