=LDR  01861 gm a2200457uu 4500
=001  016428264
=003  Uk
=005  20201127183328.0
=008  100813s2002\\\\xx\|||\|||||||||||mleng\d
=FMT  \\$a  VM
=035  \\$aASP764922/ant1
=245  00$aMarathon Monks of Mount Hiei
=260  \\$aWatertown, MA$bDocumentary Educational Resources (DER)$c2002
=306  \\$a57 minutes
=490  0\$aEthnographic Video Online, Volume 1
=505  00$aThe greatest athletes in the world today are neither the Olympic champions nor the stars of professional sports, but the "Marathon Monks" of Japan's sacred Mount Hiei. Over a seven year training period, these "running Buddha" figuratively circle the globe on foot.
=546  \\$aIn English
=650  04$aJapanese
=650  \4$aPrayer and meditation
=650  \4$aWalking
=650  \4$aFasting
=650  \4$aSpirituality
=650  \4$aMonks
=650  \4$aBuddhism
=700  1\$aHayden, Christopher J.$4pro
=700  1\$aHayden, Christopher J.$4aut
=700  1\$aHayden, Christopher J.$4drt
=700  1\$aKakudo, Tanno$4oth
=773  0\$dWatertown, MA : Documentary Educational Resources (DER), 2002
=856  40$uhttp://www.aspresolver.com/aspresolver.asp?ANTH;764922$yAlexander Street Press Ethnographic Video Online
=859  \\$aORR$bAlexander Street Press
=883  0\$aLanguage codes assigned by Bayesian analysis of words present in record$d20201028$qUk$c0.9010
=985  \\$aUpgraded by BSS-generated file for WR2011-1472
=CAT  \\$aWR13_071$b00$c20130610$lBLL01$h1613
=CAT  \\$aBATCH$b00$c20130610$lBLL01$h1613
=CAT  \\$aWR16_088$c20160606$lBLL01$h1632
=CAT  \\$aW1610-0368$c20161006$lBLL01$h0938
=CAT  \\$aW1606-1753$c20171028$lBLL01$h1352
=CAT  \\$aW2011-1472$b00$c20201127$lBLL01$h1833
=FIN  \\$aY$d20130610
=LAS  \\$aW2011-1472$b00$c20201127$lBLL01$h1833

