=LDR  02289 gm a2200433uu 4500
=001  016428265
=003  Uk
=005  20201127183328.0
=008  100813s1989\\\\xx\|||\|||||||||||mleng\d
=FMT  \\$a  VM
=035  \\$aASP1689465/ant1
=245  00$aMarcellin Babey, Turner
=260  \\$aWatertown, MA$bDocumentary Educational Resources (DER)$c1989
=306  \\$a29 minutes
=490  0\$aEthnographic Video Online, Volume 1
=505  00$aMarcellin Babey, from the Swiss Jura, is thirty-five years old. He works in an old workshop in the heart of Lausanne, concious that building speculators will oust him some day. As there are no longer any apprenticeships in wood turning in Switzerland, Babey learned his craft from the former owner of his Lausanne workshop, and by going, on foot, to visit old turners in France and Spain. When he learned from old documents that the inhabitants of the Swiss canton of Vaud used to play bagpipes on holidays before the Bernese Protestants forbade it in belief that it was an instrument of the devil, Babey decided to build the instrument as it used to be. In the film, we see him make and play the bagpipes.
=546  \\$aIn French, Subtitles in English
=650  04$aSwiss
=650  \4$aMusic history
=650  \4$aReligious beliefs
=650  \4$aWoodworking
=650  \4$aMusical instruments
=700  1\$aVeuve, Jacqueline.$4aut
=700  1\$aVeuve, Jacqueline.$4drt
=700  1\$aBabey, Marcellin.$4oth
=773  0\$dWatertown, MA : Documentary Educational Resources (DER), 1989
=856  40$uhttp://www.aspresolver.com/aspresolver.asp?ANTH;1689465$yAlexander Street Press Ethnographic Video Online
=859  \\$aORR$bAlexander Street Press
=883  0\$aLanguage codes assigned by Bayesian analysis of words present in record$d20201028$qUk$c0.9010
=985  \\$aUpgraded by BSS-generated file for WR2011-1472
=CAT  \\$aWR13_071$b00$c20130610$lBLL01$h1613
=CAT  \\$aBATCH$b00$c20130610$lBLL01$h1613
=CAT  \\$aWR16_088$c20160606$lBLL01$h1632
=CAT  \\$aBATCH-UPD$b00$c20160606$lBLL01$h1635
=CAT  \\$aW1610-0368$c20161006$lBLL01$h0938
=CAT  \\$aW1606-1753$c20171028$lBLL01$h1352
=CAT  \\$aW2011-1472$b00$c20201127$lBLL01$h1833
=FIN  \\$aY$d20130610
=LAS  \\$aW2011-1472$b00$c20201127$lBLL01$h1833

