=LDR  03383 gm a2200589uu 4500
=001  016428266
=003  Uk
=005  20201127183328.0
=008  100813s9999\\\\xx\|||\|||||||||||mleng\d
=FMT  \\$a  VM
=035  \\$aASP1689354/ant1
=245  00$aMargaret Mead: An Observer Observed
=260  \\$aNew York, NY$bFilmakers Library
=306  \\$a85 minutes
=490  0\$aEthnographic Video Online, Volume 1
=505  00$aThis documentary is a fascinating portrait of one of the most influential women of our time. Using never-before-seen archival footage, stills, interviews and dramatic re-creations, it weaves together a story of a scientist, adventurer and international celebrity whose ideas shaped how we think about ourselves. The film tells how she first gained attention in the 1920's and '30's with her pioneering studies of youth and gender in Samoa and New Guinea. By age 33, the five-foot, one-hundred-pound Mead had traveled three times around the globe, explored unchartered lands where few men and no women dared to go. By age 34 she had published three bestsellers, taken the second of three husbands, and revolutionized our understanding of what it means to be male or female. When she was not doing fieldwork, most of her professional years were spent at the American Museum of Natural History. In her later years she was often seen on television as a bespectacled, sometimes outrageous advice-giver to the Vietnam War generation. This film deals with the controversies as well as the accomplishments of her life. Here is a valuable film for Women's Studies, Anthropology and History, as well as public library audiences. This film was partially funded by the National Endowment for the Humanities, the National Science Foundation and the Rockefeller Foundation.
=546  \\$aIn English, Subtitles in English
=600  14$aBateson, Gregory
=600  14$aFortune, Reo
=600  14$aMead, Margaret.
=650  04$aNew Guinean
=650  04$aBalinese
=650  04$aSamoan
=650  \4$aCultural norms
=650  \4$aAdolescence
=650  \4$aField work for anthropology
=650  \4$aGender roles
=700  1\$aJansen, Gail.$4pro
=700  1\$aPierce, Lance.$4pro
=700  1\$aSeidman, Robert.$4aut
=700  1\$aYans-McLaughlin, Virginia$4aut
=700  1\$aBerliner, Alan.$4drt
=700  1\$aBateson, Mary Catherine.$4oth
=700  1\$aGailey, Christine Ward$4oth
=700  1\$aLutkehaus, Nancy C.$4oth
=700  1\$aRappaport, Roy A.$4oth
=700  1\$aMarchand, Nancy$4nrt
=773  0\$dNew York, NY : Filmakers Library
=856  40$uhttp://www.aspresolver.com/aspresolver.asp?ANTH;1689354$yAlexander Street Press Ethnographic Video Online
=859  \\$aORR$bAlexander Street Press
=883  0\$aLanguage codes assigned by Bayesian analysis of words present in record$d20201028$qUk$c0.9010
=985  \\$aUpgraded by BSS-generated file for WR2011-1472
=CAT  \\$aWR13_071$b00$c20130610$lBLL01$h1613
=CAT  \\$aBATCH$b00$c20130610$lBLL01$h1613
=CAT  \\$aBATCH-UPD$b00$c20150108$lBLL01$h0229
=CAT  \\$aWR16_088$c20160606$lBLL01$h1632
=CAT  \\$aBATCH-UPD$b00$c20160606$lBLL01$h1635
=CAT  \\$aW1610-0368$c20161006$lBLL01$h0938
=CAT  \\$aW1606-1753$c20171028$lBLL01$h1352
=CAT  \\$aW2011-1472$b00$c20201127$lBLL01$h1833
=FIN  \\$aY$d20130610
=LAS  \\$aW2011-1472$b00$c20201127$lBLL01$h1833

