=LDR  02058 gm a2200481uu 4500
=001  016428267
=003  Uk
=005  20201127183328.0
=008  100813s1978\\\\xx\|||\|||||||||||mleng\d
=FMT  \\$a  VM
=035  \\$aASP764926/ant1
=245  00$aMargaret Mead: Portrait by a Friend
=260  \\$aWatertown, MA$bDocumentary Educational Resources (DER)$c1978
=306  \\$a30 minutes
=490  0\$aEthnographic Video Online, Volume 1
=505  00$aRecorded in 1977
=520  3\$aJean Rouch filmed this loving and humorous portrait of anthropologist and filmmaker Margaret Mead in September 1977 while he was a guest of the first Margaret Mead Film Festival. As both a friend and colleague, Rouch reveals a glimpse of the legendary Mead in her later years. (Fellow filmmaker John Marshall was the sound recordist.)
=546  \\$aIn English
=650  \4$aFilmmaking
=650  \4$aNatural history museums
=650  \4$aCultural change and history
=650  \4$aPrehistory
=650  \4$aWomen in workforce
=650  \4$aEthnographic methodology
=650  \4$aAnthropology
=700  1\$ade Brigard, Emilie$4pro
=700  1\$aRouch, Jean.$4aut
=700  1\$aRouch, Jean.$4drt
=700  1\$aMead, Margaret.$4oth
=773  0\$dWatertown, MA : Documentary Educational Resources (DER), 1978
=856  40$uhttp://www.aspresolver.com/aspresolver.asp?ANTH;764926$yAlexander Street Press Ethnographic Video Online
=859  \\$aORR$bAlexander Street Press
=883  0\$aLanguage codes assigned by Bayesian analysis of words present in record$d20201028$qUk$c0.9010
=985  \\$aUpgraded by BSS-generated file for WR2011-1472
=CAT  \\$aWR13_071$b00$c20130610$lBLL01$h1613
=CAT  \\$aBATCH$b00$c20130610$lBLL01$h1613
=CAT  \\$aWR16_088$c20160606$lBLL01$h1632
=CAT  \\$aBATCH-UPD$b00$c20160606$lBLL01$h1635
=CAT  \\$aW1610-0368$c20161006$lBLL01$h0938
=CAT  \\$aW1606-1753$c20171028$lBLL01$h1352
=CAT  \\$aW2011-1472$b00$c20201127$lBLL01$h1833
=FIN  \\$aY$d20130610
=LAS  \\$aW2011-1472$b00$c20201127$lBLL01$h1833

