=LDR  01711 gm a2200409uu 4500
=001  016428269
=003  Uk
=005  20201127183328.0
=008  100813s1973\\\\xx\|||\|||||||||||mleng\d
=FMT  \\$a  VM
=035  \\$aASP764930/ant1
=245  00$aMark Tobey Abroad
=260  \\$aWatertown, MA$bDocumentary Educational Resources (DER)$c1973
=306  \\$a28 minutes
=490  0\$aEthnographic Video Online, Volume 1
=505  00$aRobert Gardner visits the great American painter Mark Tobey in Basel, Switzerland, where he lived for the last years of his life. With remarkable candor and objectivity, Tobey discusses his work and that of fellow artists including Picasso.
=546  \\$aIn English
=650  04$aAmerican
=650  \4$aVisual artists
=650  \4$aArt
=700  1\$aGardner, Robert.$4aut
=700  1\$aGardner, Robert.$4drt
=700  1\$aTobey, Mark.$4oth
=773  0\$dWatertown, MA : Documentary Educational Resources (DER), 1973
=856  40$uhttp://www.aspresolver.com/aspresolver.asp?ANTH;764930$yAlexander Street Press Ethnographic Video Online
=859  \\$aORR$bAlexander Street Press
=883  0\$aLanguage codes assigned by Bayesian analysis of words present in record$d20201028$qUk$c0.9010
=985  \\$aUpgraded by BSS-generated file for WR2011-1472
=CAT  \\$aWR13_071$b00$c20130610$lBLL01$h1613
=CAT  \\$aBATCH$b00$c20130610$lBLL01$h1613
=CAT  \\$aWR16_088$c20160606$lBLL01$h1632
=CAT  \\$aBATCH-UPD$b00$c20160606$lBLL01$h1635
=CAT  \\$aW1610-0368$c20161006$lBLL01$h0938
=CAT  \\$aW1606-1753$c20171028$lBLL01$h1352
=CAT  \\$aW2011-1472$b00$c20201127$lBLL01$h1833
=FIN  \\$aY$d20130610
=LAS  \\$aW2011-1472$b00$c20201127$lBLL01$h1833

