=LDR  02239 gm a2200577uu 4500
=001  016428270
=003  Uk
=005  20201127183328.0
=008  100813s2002\\\\xx\|||\|||||||||||mleng\d
=FMT  \\$a  VM
=035  \\$aASP764932/ant1
=245  00$aMarket Day (Jour de Marché)
=260  \\$aWatertown, MA$bDocumentary Educational Resources (DER)$c2002
=306  \\$a90 minutes
=490  0\$aEthnographic Video Online, Volume 1
=505  00$aEvery Tuesday and Saturday, in the middle of the small town of Vevey in the canton of Vaud, one of the most beautiful country markets of Switzerland is held. It has existed for over 500 years in the exact same spot.
=546  \\$aIn French, Subtitles in German, English
=650  04$aSwiss
=650  \4$aCultural change and history
=650  \4$aFarmers
=650  \4$aMerchants
=650  \4$aFood crops
=650  \4$aMarkets
=700  1\$aVeuve, Jacqueline.$4aut
=700  1\$aVeuve, Jacqueline.$4drt
=700  1\$aAngeli, Angelo$4oth
=700  1\$aBell, Emmanuel$4oth
=700  1\$aBraillard-Bell, Malou$4oth
=700  1\$aBühlmann, Hermann$4oth
=700  1\$aChevalley, Corinne$4oth
=700  1\$aChevalley, Georges$4oth
=700  1\$aChevalley, Jean-Remy$4oth
=700  1\$aChevalley, Micheline$4oth
=700  1\$aGosteli, Fredy$4oth
=700  1\$aGosteli, Ruth$4oth
=700  1\$4oth
=700  1\$aVeuve, Jacqueline.$4nrt
=773  0\$dWatertown, MA : Documentary Educational Resources (DER), 2002
=856  40$uhttp://www.aspresolver.com/aspresolver.asp?ANTH;764932$yAlexander Street Press Ethnographic Video Online
=859  \\$aORR$bAlexander Street Press
=883  0\$aLanguage codes assigned by Bayesian analysis of words present in record$d20201028$qUk$c0.9010
=985  \\$aUpgraded by BSS-generated file for WR2011-1472
=CAT  \\$aWR13_071$b00$c20130610$lBLL01$h1613
=CAT  \\$aBATCH$b00$c20130610$lBLL01$h1613
=CAT  \\$aWR16_088$c20160606$lBLL01$h1632
=CAT  \\$aBATCH-UPD$b00$c20160606$lBLL01$h1635
=CAT  \\$aW1610-0368$c20161006$lBLL01$h0938
=CAT  \\$aW1606-1753$c20171028$lBLL01$h1352
=CAT  \\$aW2011-1472$b00$c20201127$lBLL01$h1833
=FIN  \\$aY$d20130610
=LAS  \\$aW2011-1472$b00$c20201127$lBLL01$h1833

