=LDR  01755 gm a2200409uu 4500
=001  016428272
=003  Uk
=005  20201127183328.0
=008  100813s9999\\\\xx\|||\|||||||||||mleng\d
=FMT  \\$a  VM
=035  \\$aASP1784963/ant1
=245  00$aMasai in the Modern World - Kenya
=260  \\$aNew York, NY$bFilmakers Library
=306  \\$a26 minutes
=490  0\$aEthnographic Video Online, Volume 1
=520  3\$aThis film looks at the impact of the modern world on the ancient culture of the Masai people. Traditionally the Masai herded their cattle between the plains and the well-watered mountain land. As tourism makes inroads on their already scarce land, they are trying to adapt without losing their heritage.
=546  \\$aIn English
=650  04$aMaasai
=650  \4$aHerders
=650  \4$aCultural assimilation
=650  \4$aCultural change and history
=650  \4$aTribal and national groups
=700  1\$aNewman, Mark.$4drt
=773  0\$dNew York, NY : Filmakers Library
=856  40$uhttp://www.aspresolver.com/aspresolver.asp?ANTH;1784963$yAlexander Street Press Ethnographic Video Online
=859  \\$aORR$bAlexander Street Press
=883  0\$aLanguage codes assigned by Bayesian analysis of words present in record$d20201028$qUk$c0.9010
=985  \\$aUpgraded by BSS-generated file for WR2011-1472
=CAT  \\$aWR13_071$b00$c20130610$lBLL01$h1613
=CAT  \\$aBATCH$b00$c20130610$lBLL01$h1613
=CAT  \\$aWR16_088$c20160606$lBLL01$h1632
=CAT  \\$aBATCH-UPD$b00$c20160606$lBLL01$h1635
=CAT  \\$aW1610-0368$c20161006$lBLL01$h0938
=CAT  \\$aW1606-1753$c20171028$lBLL01$h1352
=CAT  \\$aW2011-1472$b00$c20201127$lBLL01$h1833
=FIN  \\$aY$d20130610
=LAS  \\$aW2011-1472$b00$c20201127$lBLL01$h1833

