=LDR  01663 gm a2200469uu 4500
=001  016428274
=003  Uk
=005  20201127183328.0
=008  100813s2007\\\\xx\|||\|||||||||||mleng\d
=FMT  \\$a  VM
=035  \\$aASP1646983/ant1
=245  00$aMatis
=260  \\$aLondon, England$bBritish Broadcasting Corporation (BBC)$c2007
=306  \\$a52 minutes
=490  0\$aEthnographic Video Online, Volume 1
=505  00$aIn English
=650  04$aMatis
=650  \4$aCorporal punishment
=650  \4$aPhysical illnesses
=650  \4$aHunting
=650  \4$aCultural identity
=650  \4$aTribal and national groups
=700  1\$aDerrick, Wayne.$4pro
=700  1\$aParry, Bruce.$4aut
=700  1\$aDerrick, Wayne.$4drt
=700  1\$aTumi$4oth
=700  1\$aParry, Bruce.$4nrt
=700  1\$aErikson, Philippe$4ctb
=773  0\$dLondon, England : British Broadcasting Corporation (BBC), 2007
=856  40$uhttp://www.aspresolver.com/aspresolver.asp?ANTH;1646983$yAlexander Street Press Ethnographic Video Online
=859  \\$aORR$bAlexander Street Press
=883  0\$aLanguage codes assigned by Bayesian analysis of words present in record$d20201028$qUk$c0.9010
=985  \\$aUpgraded by BSS-generated file for WR2011-1472
=CAT  \\$aWR13_071$b00$c20130610$lBLL01$h1613
=CAT  \\$aBATCH$b00$c20130610$lBLL01$h1613
=CAT  \\$aWR16_088$c20160606$lBLL01$h1632
=CAT  \\$aBATCH-UPD$b00$c20160606$lBLL01$h1635
=CAT  \\$aW1610-0368$c20161006$lBLL01$h0938
=CAT  \\$aW1606-1753$c20171028$lBLL01$h1352
=CAT  \\$aW2011-1472$b00$c20201127$lBLL01$h1833
=FIN  \\$aY$d20130610
=LAS  \\$aW2011-1472$b00$c20201127$lBLL01$h1833

