=LDR  02057 gm a2200493uu 4500
=001  016428276
=003  Uk
=005  20201127183328.0
=008  100813s1983\\\\xx\|||\|||||||||||mleng\d
=FMT  \\$a  VM
=035  \\$aASP765416/ant1
=245  00$aThe Medium is the Masseuse: A Balinese Massage w/Jero Tapakan and Jero Tapakan - Stories from the Life of a Balinese Healer
=260  \\$aWatertown, MA$bDocumentary Educational Resources (DER)$c1983
=306  \\$a30 minutes
=490  0\$aEthnographic Video Online, Volume 1
=505  00$aUnlike many spirit mediums, Jero Tapakan practices as a masseuse once every three days, when possession is not auspicious. This film focuses on Jero's treatment of Ida Bagus, a member of the nobility from a neighboring town.
=546  \\$aIn Balinese, Subtitles in English
=650  04$aBalinese
=650  \4$aSpirituality
=650  \4$aReligion
=650  \4$aAlternative medicine
=650  \4$aMediums
=650  \4$aSpiritual healing
=700  1\$aAsch, Patsy.$4aut
=700  1\$aAsch, Timothy.$4aut
=700  1\$aConnor, Linda$4aut
=700  1\$aAsch, Patsy.$4drt
=700  1\$aAsch, Timothy.$4drt
=700  1\$aConnor, Linda$4drt
=700  1\$aTapakan, Jero$4oth
=773  0\$dWatertown, MA : Documentary Educational Resources (DER), 1983
=856  40$uhttp://www.aspresolver.com/aspresolver.asp?ANTH;765416$yAlexander Street Press Ethnographic Video Online
=859  \\$aORR$bAlexander Street Press
=883  0\$aLanguage codes assigned by Bayesian analysis of words present in record$d20201028$qUk$c0.9010
=985  \\$aUpgraded by BSS-generated file for WR2011-1472
=CAT  \\$aWR13_071$b00$c20130610$lBLL01$h1613
=CAT  \\$aBATCH$b00$c20130610$lBLL01$h1613
=CAT  \\$aWR16_088$c20160606$lBLL01$h1632
=CAT  \\$aBATCH-UPD$b00$c20160606$lBLL01$h1635
=CAT  \\$aW1610-0368$c20161006$lBLL01$h0938
=CAT  \\$aW1606-1753$c20171028$lBLL01$h1352
=CAT  \\$aW2011-1472$b00$c20201127$lBLL01$h1833
=FIN  \\$aY$d20130610
=LAS  \\$aW2011-1472$b00$c20201127$lBLL01$h1833

