=LDR  02163 gm a2200517uu 4500
=001  016428278
=003  Uk
=005  20201127183328.0
=008  100813s2007\\\\xx\|||\|||||||||||mleng\d
=FMT  \\$a  VM
=035  \\$aASP764936/ant1
=245  00$aMelting Wok
=260  \\$aWatertown, MA$bDocumentary Educational Resources (DER)$c2007
=306  \\$a29 minutes
=490  0\$aEthnographic Video Online, Volume 1
=505  00$aMainak Bhaumik's film provides insight into India's often-overlooked Chinese population, examining the thriving Chinatown in Kolkata, Bengal. There, skilled Chinese immigrants have historically established themselves in business - especially tanneries and shoemaking - and created a unique Indo-Chinese cuisine.
=546  \\$aIn English
=650  04$aChinese
=650  \4$aShoemaking and repairing
=650  \4$aImmigration and emigration
=650  \4$aCultural assimilation
=650  \4$aDiet and food
=650  \4$aCultural identity
=650  \4$aCultural change and history
=650  \4$aTribal and national groups
=700  1\$aSeth, Niharika.$4pro
=700  1\$aBhaumik, Mainak.$4aut
=700  1\$aBhaumik, Mainak.$4drt
=700  1\$aChung, Paul$4oth
=700  1\$aDas, Samantak.$4oth
=700  1\$aSen, Tansen,$d1967-$4oth
=773  0\$dWatertown, MA : Documentary Educational Resources (DER), 2007
=856  40$uhttp://www.aspresolver.com/aspresolver.asp?ANTH;764936$yAlexander Street Press Ethnographic Video Online
=859  \\$aORR$bAlexander Street Press
=883  0\$aLanguage codes assigned by Bayesian analysis of words present in record$d20201028$qUk$c0.9010
=985  \\$aUpgraded by BSS-generated file for WR2011-1472
=CAT  \\$aWR13_071$b00$c20130610$lBLL01$h1613
=CAT  \\$aBATCH$b00$c20130610$lBLL01$h1613
=CAT  \\$aBATCH-UPD$b00$c20150108$lBLL01$h0211
=CAT  \\$aWR16_088$c20160606$lBLL01$h1632
=CAT  \\$aBATCH-UPD$b00$c20160606$lBLL01$h1635
=CAT  \\$aW1610-0368$c20161006$lBLL01$h0938
=CAT  \\$aW1606-1753$c20171028$lBLL01$h1352
=CAT  \\$aW2011-1472$b00$c20201127$lBLL01$h1833
=FIN  \\$aY$d20130610
=LAS  \\$aW2011-1472$b00$c20201127$lBLL01$h1833

