=LDR  02556 gm a2200577uu 4500
=001  016428279
=003  Uk
=005  20201127183328.0
=008  100813s2001\\\\xx\|||\|||||||||||mlfre\d
=FMT  \\$a  VM
=035  \\$aASP764874/ant1
=041  \\$afre$aeng
=245  00$aLa Memoire Dure
=260  \\$aWatertown, MA$bDocumentary Educational Resources (DER)$c2001
=306  \\$a80 minutes
=490  0\$aEthnographic Video Online, Volume 1
=505  00$aIbrahim lived with his uncle in the woods in Mali, for a few days he attended Koran school. He arrived in France using his cousin's passport. Alpha comes from Liberia, he lived in the city and during the war his family was dispersed; he arrived in France with a false passport. Nawel lived in Algeria where his large family was forced to have him adopted and taken to France. All these children attended the same preparation class for learning French in a compulsory school in Paris taught by the teacher Pascale.
=546  \\$aIn French, Subtitles in English
=650  \4$aCultural adaptation
=650  \4$aIntercultural communication
=650  \4$aEducational philosophies
=650  \4$aImmigration and emigration
=650  \4$aLanguage
=650  \4$aEducation
=650  \4$aCultural assimilation
=700  1\$aRagazzi, Rossella.$4pro
=700  1\$aRagazzi, Rossella.$4aut
=700  1\$aRagazzi, Rossella.$4drt
=700  0\$aAlpha.$4oth
=700  0\$aIbrāhīm.$4oth
=700  1\$aKadiatou$4oth
=700  1\$aLanteri, Pascale$4oth
=700  1\$aMang Mang$4oth
=700  1\$aNawel Kheira$4oth
=700  1\$aRagazzi, Rossella.$4oth
=773  0\$dWatertown, MA : Documentary Educational Resources (DER), 2001
=856  40$uhttp://www.aspresolver.com/aspresolver.asp?ANTH;764874$yAlexander Street Press Ethnographic Video Online
=859  \\$aORR$bAlexander Street Press
=883  0\$aLanguage codes assigned by Bayesian analysis of words present in record$d20201028$qUk$c0.9010
=985  \\$aUpgraded by BSS-generated file for WR2011-1472
=CAT  \\$aWR13_071$b00$c20130610$lBLL01$h1613
=CAT  \\$aBATCH$b00$c20130610$lBLL01$h1613
=CAT  \\$aBATCH-UPD$b00$c20130610$lBLL01$h1618
=CAT  \\$aBATCH-UPD$b00$c20150108$lBLL01$h2348
=CAT  \\$aWR16_088$c20160606$lBLL01$h1632
=CAT  \\$aBATCH-UPD$b00$c20160606$lBLL01$h1635
=CAT  \\$aW1610-0368$c20161006$lBLL01$h0938
=CAT  \\$aW1606-1753$c20171028$lBLL01$h1352
=CAT  \\$aW2011-1472$b00$c20201127$lBLL01$h1833
=FIN  \\$aY$d20130610
=LAS  \\$aW2011-1472$b00$c20201127$lBLL01$h1833

