=LDR  01568 gm a2200409uu 4500
=001  016428280
=003  Uk
=005  20201127183328.0
=008  100813s9999\\\\xx\|||\|||||||||||mleng\d
=FMT  \\$a  VM
=035  \\$aASP1869251/ant1
=245  00$aMemories and Dreams
=260  \\$aLondon, United Kingdom$bBritish Broadcasting Corporation (BBC)
=306  \\$a92 minutes
=490  0\$aEthnographic Video Online, Volume 1
=505  00$aIn Maasai, English, Subtitles in English
=650  04$aKenyan
=650  \4$aCultural identity
=650  \4$aEthnographic methodology
=650  \4$aFilmmaking
=650  \4$aTribal and national groups
=700  1\$aLlewelyn-Davies, Melissa.$4pro
=700  1\$aLlewelyn-Davies, Melissa.$4drt
=773  0\$dLondon, United Kingdom : British Broadcasting Corporation (BBC)
=856  40$uhttp://www.aspresolver.com/aspresolver.asp?ANTH;1869251$yAlexander Street Press Ethnographic Video Online
=859  \\$aORR$bAlexander Street Press
=883  0\$aLanguage codes assigned by Bayesian analysis of words present in record$d20201028$qUk$c0.9010
=985  \\$aUpgraded by BSS-generated file for WR2011-1472
=CAT  \\$aWR13_071$b00$c20130610$lBLL01$h1613
=CAT  \\$aBATCH$b00$c20130610$lBLL01$h1613
=CAT  \\$aWR16_088$c20160606$lBLL01$h1632
=CAT  \\$aBATCH-UPD$b00$c20160606$lBLL01$h1635
=CAT  \\$aW1610-0368$c20161006$lBLL01$h0938
=CAT  \\$aW1606-1753$c20171028$lBLL01$h1352
=CAT  \\$aW2011-1472$b00$c20201127$lBLL01$h1833
=FIN  \\$aY$d20130610
=LAS  \\$aW2011-1472$b00$c20201127$lBLL01$h1833

