=LDR  02762 gm a2200421uu 4500
=001  016428281
=003  Uk
=005  20201127183328.0
=008  100813s9999\\\\xx\|||\|||||||||||mleng\d
=FMT  \\$a  VM
=035  \\$aASP1689356/ant1
=245  00$aMemories of Paradise
=260  \\$aNew York, NY$bFilmakers Library
=306  \\$a51 minutes
=490  0\$aEthnographic Video Online, Volume 1
=505  00$aThe legendary Peruvian town of Paradise was once a tropical utopia. After an earthquake in the 1970's buried the city of Yungay, killing 70,000, the survivors were given government aid to settle a new town in the jungle which they called Paradise. Here they dreamed of creating a better future for their families. In the beginning, the peasants grew corn, coffee and other crops. When the economic aid ended, the residents turned to coca cultivation. The valley became the source of 60% of the world's coca leaves. Then the town was taken over by drug lords and the people's dreams soured. Drugs were flown out of the valley's seven airports as local authorities turned a blind eye in exchange for bribes. Suddenly the Shining Path Maoists burst into the town of Paradise. At first, they protected the dealers in exchange for a share of the profits. But soon they launched an audacious bid to take over the market and started terrorizing the residents. Hundreds were killed in a legendary battle which prompted the government to launch a full-scale assault on the Maoists. Paradise was destroyed, but the original settlers are starting to come back to rebuild. Memories of Paradise gives a fresh perspective on the complexities of terrorism and the "drug wars."
=546  \\$aIn English, Spanish, Subtitles in English
=650  04$aPeruvian
=650  \4$aInternal migration
=650  \4$aKillings
=650  \4$aDrug trafficking
=700  1\$aGoldenberg, Sonia.$4pro
=700  1\$aGoldenberg, Sonia.$4aut
=700  1\$aGoldenberg, Sonia.$4drt
=773  0\$dNew York, NY : Filmakers Library
=856  40$uhttp://www.aspresolver.com/aspresolver.asp?ANTH;1689356$yAlexander Street Press Ethnographic Video Online
=859  \\$aORR$bAlexander Street Press
=883  0\$aLanguage codes assigned by Bayesian analysis of words present in record$d20201028$qUk$c0.9010
=985  \\$aUpgraded by BSS-generated file for WR2011-1472
=CAT  \\$aWR13_071$b00$c20130610$lBLL01$h1613
=CAT  \\$aBATCH$b00$c20130610$lBLL01$h1613
=CAT  \\$aWR16_088$c20160606$lBLL01$h1632
=CAT  \\$aBATCH-UPD$b00$c20160606$lBLL01$h1635
=CAT  \\$aW1610-0368$c20161006$lBLL01$h0938
=CAT  \\$aW1606-1753$c20171028$lBLL01$h1352
=CAT  \\$aW2011-1472$b00$c20201127$lBLL01$h1833
=FIN  \\$aY$d20130610
=LAS  \\$aW2011-1472$b00$c20201127$lBLL01$h1833

