=LDR  01882 gm a2200493uu 4500
=001  016428283
=003  Uk
=005  20201127183328.0
=008  100813s2002\\\\xx\|||\|||||||||||mleng\d
=FMT  \\$a  VM
=035  \\$aASP764940/ant1
=245  00$aMercy (med-dah)
=260  \\$aWatertown, MA$bDocumentary Educational Resources (DER)$c2002
=306  \\$a50 minutes
=490  0\$aEthnographic Video Online, Volume 1
=505  00$aMercy is an unsettling document of another side to the growing AIDS crisis in Thailand- the future of the children whose parents are HIV-positive or have died from AIDS-related illnesses.
=546  \\$aIn Thai, Subtitles in English
=650  04$aThai
=650  \4$aPublic health
=650  \4$aGrief
=650  \4$aDeaths
=650  \4$aHospices
=650  \4$aAIDS
=650  \4$aOrphans
=700  1\$aHallacy, Jeanne.$4pro
=700  1\$aSaiyot, Jamlong$4pro
=700  1\$aHallacy, Jeanne.$4aut
=700  1\$aHallacy, Jeanne.$4drt
=700  1\$aSaiyot, Jamlong$4drt
=700  1\$aSukdee, Luk Nam$4oth
=773  0\$dWatertown, MA : Documentary Educational Resources (DER), 2002
=856  40$uhttp://www.aspresolver.com/aspresolver.asp?ANTH;764940$yAlexander Street Press Ethnographic Video Online
=859  \\$aORR$bAlexander Street Press
=883  0\$aLanguage codes assigned by Bayesian analysis of words present in record$d20201028$qUk$c0.9010
=985  \\$aUpgraded by BSS-generated file for WR2011-1472
=CAT  \\$aWR13_071$b00$c20130610$lBLL01$h1613
=CAT  \\$aBATCH$b00$c20130610$lBLL01$h1613
=CAT  \\$aWR16_088$c20160606$lBLL01$h1632
=CAT  \\$aBATCH-UPD$b00$c20160606$lBLL01$h1635
=CAT  \\$aW1610-0368$c20161006$lBLL01$h0938
=CAT  \\$aW1606-1753$c20171028$lBLL01$h1352
=CAT  \\$aW2011-1472$b00$c20201127$lBLL01$h1833
=FIN  \\$aY$d20130610
=LAS  \\$aW2011-1472$b00$c20201127$lBLL01$h1833

