=LDR  01798 gm a2200433uu 4500
=001  016428286
=003  Uk
=005  20201127183328.0
=008  100813s9999\\\\xx\|||\|||||||||||mleng\d
=FMT  \\$a  VM
=035  \\$aASP1870916/ant1
=245  00$aMessengers of Sulawesi
=260  \\$aParis, France$bZED
=306  \\$a65 minutes
=490  0\$aEthnographic Video Online, Volume 1
=505  00$aAlhim lives with his family in a floating house on the Indonesian island of Sulawesi His daughter is 4 years old. She is a varanus, and Alhim has to raise and to cherish her.But one day, his son Suardi breaks into tears : his twin sister has disappeared...To get her back, Alhim must go on a long journey to the kingdom of Goa.
=546  \\$aIn English
=650  04$aBugis
=650  \4$aTribal and national groups
=650  \4$aCultural identity
=650  \4$aSpirituality
=650  \4$aLizards
=650  \4$aSeafaring life
=700  1\$aCorillion, Jean-Michel.$4drt
=700  1\$aWenger, Allan$4nrt
=773  0\$dParis, France : ZED
=856  40$uhttp://www.aspresolver.com/aspresolver.asp?ANTH;1870916$yAlexander Street Press Ethnographic Video Online
=859  \\$aORR$bAlexander Street Press
=883  0\$aLanguage codes assigned by Bayesian analysis of words present in record$d20201028$qUk$c0.9010
=985  \\$aUpgraded by BSS-generated file for WR2011-1472
=CAT  \\$aWR13_071$b00$c20130610$lBLL01$h1613
=CAT  \\$aBATCH$b00$c20130610$lBLL01$h1613
=CAT  \\$aWR16_088$c20160606$lBLL01$h1632
=CAT  \\$aBATCH-UPD$b00$c20160606$lBLL01$h1635
=CAT  \\$aW1610-0368$c20161006$lBLL01$h0938
=CAT  \\$aW1606-1753$c20171028$lBLL01$h1352
=CAT  \\$aW2011-1472$b00$c20201127$lBLL01$h1833
=FIN  \\$aY$d20130610
=LAS  \\$aW2011-1472$b00$c20201127$lBLL01$h1833

