=LDR  02482 gm a2200445uu 4500
=001  016428289
=003  Uk
=005  20201127183328.0
=008  100813s9999\\\\xx\|||\|||||||||||mleng\d
=FMT  \\$a  VM
=035  \\$aASP1689358/ant1
=245  00$aMidnight Son: A Nunamiut Village in Alaska
=260  \\$aNew York, NY$bFilmakers Library
=306  \\$a36 minutes
=490  0\$aEthnographic Video Online, Volume 1
=505  00$aAlaska has undergone a rapid transformation from traditional Eskimo life to modern living in an extraordinarily short period of time. The Nunamiut Eskimo village of Anaktuvuk Pass, is at once a microcosm of this larger transition and markedly unique. The three hundred residents of this small, isolated town are the only tribe of inland Eskimos in the world, comprising their own linguistic group and biological heritage. Unlike most traditional cultures which have been ravaged by Western culture, Anaktuvuk has balanced old ways and new horizons. The anthropologist lived among a family of four generations and captures with spontaneity their daily life. From the elders who remember hunting caribou and still speak only their native language to the youngsters who search the internet and participate in consumer culture, Anaktuvuk is two worlds in one. The film follows the day-to-day struggles of Juke and Julia, his pregnant girlfriend, as they try to come to terms with their future.
=546  \\$aIn English
=650  04$aEskimo
=650  \4$aAdolescents
=650  \4$aPregnancy
=650  \4$aDeaths
=650  \4$aDaily life
=700  1\$aCarson, Wil$4pro
=700  1\$aCarson, Wil$4aut
=700  1\$aCarson, Wil$4drt
=700  1\$aHugo, Julie$4oth
=700  1\$aMorry, Juke$4oth
=773  0\$dNew York, NY : Filmakers Library
=856  40$uhttp://www.aspresolver.com/aspresolver.asp?ANTH;1689358$yAlexander Street Press Ethnographic Video Online
=859  \\$aORR$bAlexander Street Press
=883  0\$aLanguage codes assigned by Bayesian analysis of words present in record$d20201028$qUk$c0.9010
=985  \\$aUpgraded by BSS-generated file for WR2011-1472
=CAT  \\$aWR13_071$b00$c20130610$lBLL01$h1613
=CAT  \\$aBATCH$b00$c20130610$lBLL01$h1613
=CAT  \\$aWR16_088$c20160606$lBLL01$h1632
=CAT  \\$aW1610-0368$c20161006$lBLL01$h0938
=CAT  \\$aW1606-1753$c20171028$lBLL01$h1352
=CAT  \\$aW2011-1472$b00$c20201127$lBLL01$h1833
=FIN  \\$aY$d20130610
=LAS  \\$aW2011-1472$b00$c20201127$lBLL01$h1833

