=LDR  02051 gm a2200409uu 4500
=001  016428290
=003  Uk
=005  20201127183328.0
=008  100813s9999\\\\xx\|||\|||||||||||mleng\d
=FMT  \\$a  VM
=035  \\$aASP1689360/ant1
=245  00$aMini Cine Tupy
=260  \\$aNew York, NY$bFilmakers Library
=306  \\$a10 minutes
=490  0\$aEthnographic Video Online, Volume 1
=505  00$aThis delightful short is for film lovers everywhere. Jose Zagati is a trash gatherer on the outskirts of Sao Paulo. To his wife's dismay, he is obsessed with creating and running a fully functioning film theater from recycled objects. The seats, projector and the very films themselves come from discarded objects. He has turned his modest garage into a gathering place for the children of the village who experience the joy of cinema (and popcorn) free of charge. This short film shows how one man's obsession with cinema has taken over his life, while at the same time it bring pleasure to a whole community.
=546  \\$aIn Portuguese, Subtitles in English
=650  04$aBrazilian
=650  \4$aTheaters
=650  \4$aFilms
=700  1\$aBloch, Sérgio.$4aut
=700  1\$aBloch, Sérgio.$4drt
=700  1\$aZagati, José Luis$4oth
=773  0\$dNew York, NY : Filmakers Library
=856  40$uhttp://www.aspresolver.com/aspresolver.asp?ANTH;1689360$yAlexander Street Press Ethnographic Video Online
=859  \\$aORR$bAlexander Street Press
=883  0\$aLanguage codes assigned by Bayesian analysis of words present in record$d20201028$qUk$c0.9010
=985  \\$aUpgraded by BSS-generated file for WR2011-1472
=CAT  \\$aWR13_071$b00$c20130610$lBLL01$h1613
=CAT  \\$aBATCH$b00$c20130610$lBLL01$h1613
=CAT  \\$aBATCH-UPD$b00$c20130610$lBLL01$h1618
=CAT  \\$aWR16_088$c20160606$lBLL01$h1632
=CAT  \\$aW1610-0368$c20161006$lBLL01$h0938
=CAT  \\$aW1606-1753$c20171028$lBLL01$h1352
=CAT  \\$aW2011-1472$b00$c20201127$lBLL01$h1833
=FIN  \\$aY$d20130610
=LAS  \\$aW2011-1472$b00$c20201127$lBLL01$h1833

