=LDR  01974 gm a2200469uu 4500
=001  016428291
=003  Uk
=005  20201127183328.0
=008  100813s1977\\\\xx\|||\|||||||||||mleng\d
=FMT  \\$a  VM
=035  \\$aASP764944/ant1
=245  00$aMisa Colombiana
=260  \\$aWatertown, MA$bDocumentary Educational Resources (DER)$c1977
=306  \\$a20 minutes
=490  0\$aEthnographic Video Online, Volume 1
=505  00$aRecorded in 1976
=520  3\$aAt the turn of this century, only four Latin American countries had ten percent of their population living in cities of more than 20,000 people. Fifty years later, one quarter of the total Latin American population lived in cities, and in the second half of this century the urban population has continued to grow rapidly.
=546  \\$aIn English, Spanish, Subtitles in English
=650  04$aColombian
=650  \4$aMigration
=650  \4$aUrban population
=650  \4$aSlums
=650  \4$aPoverty
=700  1\$aFischel, Anne.$4aut
=700  1\$aMcnatt, Glenn$4aut
=700  1\$aFischel, Anne.$4drt
=700  1\$aMcnatt, Glenn$4drt
=700  1\$aTulia, Ana$4oth
=773  0\$dWatertown, MA : Documentary Educational Resources (DER), 1977
=856  40$uhttp://www.aspresolver.com/aspresolver.asp?ANTH;764944$yAlexander Street Press Ethnographic Video Online
=859  \\$aORR$bAlexander Street Press
=883  0\$aLanguage codes assigned by Bayesian analysis of words present in record$d20201028$qUk$c0.9010
=985  \\$aUpgraded by BSS-generated file for WR2011-1472
=CAT  \\$aWR13_071$b00$c20130610$lBLL01$h1613
=CAT  \\$aBATCH$b00$c20130610$lBLL01$h1613
=CAT  \\$aBATCH-UPD$b00$c20150512$lBLL01$h2125
=CAT  \\$aWR16_088$c20160606$lBLL01$h1632
=CAT  \\$aW1610-0368$c20161006$lBLL01$h0938
=CAT  \\$aW1606-1753$c20171028$lBLL01$h1352
=CAT  \\$aW2011-1472$b00$c20201127$lBLL01$h1833
=FIN  \\$aY$d20130610
=LAS  \\$aW2011-1472$b00$c20201127$lBLL01$h1833

