=LDR  02046 gm a2200517uu 4500
=001  016428292
=003  Uk
=005  20201127183328.0
=008  100813s1999\\\\xx\|||\|||||||||||mleng\d
=FMT  \\$a  VM
=035  \\$aASP764946/ant1
=245  00$aMiyah: The Life of a Javanese Woman
=260  \\$aWatertown, MA$bDocumentary Educational Resources (DER)$c1999
=306  \\$a30 minutes
=490  0\$aEthnographic Video Online, Volume 1
=505  00$aRecorded in 1997
=520  3\$aThis is an intimate portrait of a Javanese woman who works as a servant and a cook for a prominent family in Jakarta, Indonesia. While there are many aspects of her life that are specific to circumstances pertinent to Indonesia, Miyah also presents us with a more universal picture.
=546  \\$aIn English
=650  04$aJavanese
=650  \4$aParents
=650  \4$aEldercare
=650  \4$aWomen in workforce
=650  \4$aServants
=650  \4$aDaily life
=650  \4$aDomestic chores
=700  1\$aRay, Sandeep$4pro
=700  1\$aRothstein, Laurie$4pro
=700  1\$aRothstein, Laurie$4aut
=700  1\$aRothstein, Laurie$4drt
=700  1\$aMiyah$4oth
=700  1\$aMilasari, Aida$4nrt
=700  1\$aRothstein, Laurie$4nrt
=700  1\$aRay, Sandeep$4ctb
=773  0\$dWatertown, MA : Documentary Educational Resources (DER), 1999
=856  40$uhttp://www.aspresolver.com/aspresolver.asp?ANTH;764946$yAlexander Street Press Ethnographic Video Online
=859  \\$aORR$bAlexander Street Press
=883  0\$aLanguage codes assigned by Bayesian analysis of words present in record$d20201028$qUk$c0.9010
=985  \\$aUpgraded by BSS-generated file for WR2011-1472
=CAT  \\$aWR13_071$b00$c20130610$lBLL01$h1613
=CAT  \\$aBATCH$b00$c20130610$lBLL01$h1613
=CAT  \\$aWR16_088$c20160606$lBLL01$h1632
=CAT  \\$aW1610-0368$c20161006$lBLL01$h0938
=CAT  \\$aW1606-1753$c20171028$lBLL01$h1352
=CAT  \\$aW2011-1472$b00$c20201127$lBLL01$h1833
=FIN  \\$aY$d20130610
=LAS  \\$aW2011-1472$b00$c20201127$lBLL01$h1833

