=LDR  01700 gm a2200433uu 4500
=001  016428293
=003  Uk
=005  20201127183328.0
=008  100813s2001\\\\xx\|||\|||||||||||mleng\d
=FMT  \\$a  VM
=035  \\$aASP764948/ant1
=245  00$aModest Scarring
=260  \\$aWatertown, MA$bDocumentary Educational Resources (DER)$c2001
=306  \\$a28 minutes
=490  0\$aEthnographic Video Online, Volume 1
=505  00$aAn autobiographical documentary in which the filmmakers uses his elaborate decision-making process about whether or not to get a tattoo as a jumping-off point for a larger discussionof youth, rebellion, and regret.
=546  \\$aIn English
=650  04$aAmerican
=650  \4$aArt
=650  \4$aRegret
=650  \4$aBody alteration
=650  \4$aTattoos
=700  1\$aBell, Randy$4pro
=700  1\$aBell, Randy$4aut
=700  1\$aBell, Randy$4drt
=700  1\$aBell, Randy$4oth
=773  0\$dWatertown, MA : Documentary Educational Resources (DER), 2001
=856  40$uhttp://www.aspresolver.com/aspresolver.asp?ANTH;764948$yAlexander Street Press Ethnographic Video Online
=859  \\$aORR$bAlexander Street Press
=883  0\$aLanguage codes assigned by Bayesian analysis of words present in record$d20201028$qUk$c0.9010
=985  \\$aUpgraded by BSS-generated file for WR2011-1472
=CAT  \\$aWR13_071$b00$c20130610$lBLL01$h1613
=CAT  \\$aBATCH$b00$c20130610$lBLL01$h1613
=CAT  \\$aWR16_088$c20160606$lBLL01$h1632
=CAT  \\$aW1610-0368$c20161006$lBLL01$h0938
=CAT  \\$aW1606-1753$c20171028$lBLL01$h1352
=CAT  \\$aW2011-1472$b00$c20201127$lBLL01$h1833
=FIN  \\$aY$d20130610
=LAS  \\$aW2011-1472$b00$c20201127$lBLL01$h1833

