=LDR  01928 gm a2200565uu 4500
=001  016428294
=003  Uk
=005  20201127183328.0
=008  100813s1993\\\\xx\|||\|||||||||||mleng\d
=FMT  \\$a  VM
=035  \\$aASP1689487/ant1
=245  00$aMonday's Girls
=260  \\$aLondon, England$bBritish Broadcasting Corporation (BBC)$c1993
=306  \\$a47 minutes
=490  0\$aEthnographic Video Online, Volume 1
=505  00$aIn English
=650  04$aNigerian
=650  \4$aCommunity events
=650  \4$aMarriage
=650  \4$aReligious beliefs
=650  \4$aAdulthood
=650  \4$aAdolescence
=650  \4$aBehavior
=650  \4$aBody alteration
=650  \4$aTribal and national groups
=650  \4$aCultural identity
=650  \4$aCustoms
=650  \4$aReligious rites and ceremonies
=700  1\$aGardner, Lloyd.$4pro
=700  1\$aDerefaka, Ibi$4aut
=700  1\$aOnwurah, Ngozi.$4drt
=700  1\$aAsikiye$4oth
=700  1\$aFlorence$4oth
=700  1\$aMoses, Monday$4oth
=700  1\$aJohnson, Caroline Lee.$4nrt
=700  1\$aAnyanwu, Titus$4ctb
=773  0\$dLondon, England : British Broadcasting Corporation (BBC), 1993
=856  40$uhttp://www.aspresolver.com/aspresolver.asp?ANTH;1689487$yAlexander Street Press Ethnographic Video Online
=859  \\$aORR$bAlexander Street Press
=883  0\$aLanguage codes assigned by Bayesian analysis of words present in record$d20201028$qUk$c0.9010
=985  \\$aUpgraded by BSS-generated file for WR2011-1472
=CAT  \\$aWR13_071$b00$c20130610$lBLL01$h1613
=CAT  \\$aBATCH$b00$c20130610$lBLL01$h1613
=CAT  \\$aWR16_088$c20160606$lBLL01$h1632
=CAT  \\$aBATCH-UPD$b00$c20160606$lBLL01$h1635
=CAT  \\$aW1610-0368$c20161006$lBLL01$h0938
=CAT  \\$aW1606-1753$c20171028$lBLL01$h1352
=CAT  \\$aW2011-1472$b00$c20201127$lBLL01$h1833
=FIN  \\$aY$d20130610
=LAS  \\$aW2011-1472$b00$c20201127$lBLL01$h1833

