=LDR  01878 gm a2200397uu 4500
=001  016428295
=003  Uk
=005  20201127183328.0
=008  100813s9999\\\\xx\|||\|||||||||||mleng\d
=FMT  \\$a  VM
=035  \\$aASP1779506/ant1
=245  00$aMonsoon-Reflections
=260  \\$aWatertown, MA$bDocumentary Educational Resources (DER)
=306  \\$a23 minutes
=490  0\$aEthnographic Video Online, Volume 1
=505  00$aDrawing its title from a poem by the Nepali poet Lekhnath Paudyal, who depicts the monsoon season as sublime and blissful, this video focuses instead on the melancholy and grit of two female Nepali field hands as they carry out their monsoon routines in Lekhnath, Nepal. It is a sensorial riposte to Paudyal's idealistic depiction of the monsoon as 'joyous from start to finish,' by means of reflections upon labor, gender, and fleeting pleasure in rural Nepal.
=650  04$aNepalese
=650  \4$aWomen
=650  \4$aDomestic chores
=650  \4$aDaily life
=700  1\$aSpray, Stephanie$4pro
=700  1\$aSpray, Stephanie$4aut
=700  1\$aSpray, Stephanie$4drt
=773  0\$dWatertown, MA : Documentary Educational Resources (DER)
=856  40$uhttp://www.aspresolver.com/aspresolver.asp?ANTH;1779506$yAlexander Street Press Ethnographic Video Online
=859  \\$aORR$bAlexander Street Press
=883  0\$aLanguage codes assigned by Bayesian analysis of words present in record$d20201028$qUk$c0.9010
=985  \\$aUpgraded by BSS-generated file for WR2011-1472
=CAT  \\$aWR13_071$b00$c20130610$lBLL01$h1613
=CAT  \\$aBATCH$b00$c20130610$lBLL01$h1613
=CAT  \\$aWR16_088$c20160606$lBLL01$h1632
=CAT  \\$aW1610-0368$c20161006$lBLL01$h0938
=CAT  \\$aW1606-1753$c20171028$lBLL01$h1352
=CAT  \\$aW2011-1472$b00$c20201127$lBLL01$h1833
=FIN  \\$aY$d20130610
=LAS  \\$aW2011-1472$b00$c20201127$lBLL01$h1833

