=LDR  01861 gm a2200433uu 4500
=001  016428296
=003  Uk
=005  20201127183328.0
=008  100813s2003\\\\xx\|||\|||||||||||mleng\d
=FMT  \\$a  VM
=035  \\$aASP764392/ant1
=245  00$aA Month In The Life of Ephtim D.
=260  \\$aWatertown, MA$bDocumentary Educational Resources (DER)$c2003
=306  \\$a56 minutes
=490  0\$aEthnographic Video Online, Volume 1
=505  00$aThis documentary takes a rare and intimate look at the life of a 73 year old pensioner currently living in Bulgaria following the collapse of the former Soviet Union. We follow Ephtim D. from the meager dinner table where he and his wife dine on some bread with a little margerine and garlic, to the park where he walks his dog and meets his friends.
=546  \\$aIn English
=650  04$aBulgarian
=650  \4$aAging
=650  \4$aPoverty
=650  \4$aCommunism
=650  \4$aPensions
=650  \4$aPersonal finances
=700  1\$aBalikci, Asen$4aut
=700  1\$aBalikci, Asen$4drt
=700  1\$aDetchev, Ephtim$4oth
=773  0\$dWatertown, MA : Documentary Educational Resources (DER), 2003
=856  40$uhttp://www.aspresolver.com/aspresolver.asp?ANTH;764392$yAlexander Street Press Ethnographic Video Online
=859  \\$aORR$bAlexander Street Press
=883  0\$aLanguage codes assigned by Bayesian analysis of words present in record$d20201028$qUk$c0.9010
=985  \\$aUpgraded by BSS-generated file for WR2011-1472
=CAT  \\$aWR13_071$b00$c20130610$lBLL01$h1613
=CAT  \\$aBATCH$b00$c20130610$lBLL01$h1613
=CAT  \\$aWR16_088$c20160606$lBLL01$h1632
=CAT  \\$aW1610-0368$c20161006$lBLL01$h0938
=CAT  \\$aW1606-1753$c20171028$lBLL01$h1352
=CAT  \\$aW2011-1472$b00$c20201127$lBLL01$h1833
=FIN  \\$aY$d20130610
=LAS  \\$aW2011-1472$b00$c20201127$lBLL01$h1833

