=LDR  01990 gm a2200457uu 4500
=001  016428297
=003  Uk
=005  20201127183328.0
=008  100813s1990\\\\xx\|||\|||||||||||mleng\d
=FMT  \\$a  VM
=035  \\$aASP764950/ant1
=245  00$aMoon Children
=260  \\$aWatertown, MA$bDocumentary Educational Resources (DER)$c1990
=306  \\$a63 minutes
=490  0\$aEthnographic Video Online, Volume 1
=505  00$aDocumentary-maker Wu Yii-Feng delivers a tour de force in Moon Children, a fascinating chronicle of albinos living, working, and finding recreation in modern-day Taiwan. Dubbed moon children by the San Blas Indians, albinos were isolated from society and only allowed to work at night. Times have changed, but prejudices have not, and albinos of today still experience discrimination and cruelty.
=546  \\$aIn Chinese, Subtitles in English
=650  04$aTaiwanese
=650  \4$aChildren
=650  \4$aMarriage
=650  \4$aPersonal appearance
=650  \4$aDiscrimination
=650  \4$aStereotypes
=700  1\$aWu, Yii-Feng$4aut
=700  1\$aWu, Yii-Feng$4drt
=700  1\$aJo, Seng-Ho$4oth
=700  1\$aWang, Chen-Chee$4oth
=700  1\$aWu, Kuo-Hwang$4oth
=773  0\$dWatertown, MA : Documentary Educational Resources (DER), 1990
=856  40$uhttp://www.aspresolver.com/aspresolver.asp?ANTH;764950$yAlexander Street Press Ethnographic Video Online
=859  \\$aORR$bAlexander Street Press
=883  0\$aLanguage codes assigned by Bayesian analysis of words present in record$d20201028$qUk$c0.9010
=985  \\$aUpgraded by BSS-generated file for WR2011-1472
=CAT  \\$aWR13_071$b00$c20130610$lBLL01$h1613
=CAT  \\$aBATCH$b00$c20130610$lBLL01$h1613
=CAT  \\$aWR16_088$c20160606$lBLL01$h1632
=CAT  \\$aW1610-0368$c20161006$lBLL01$h0938
=CAT  \\$aW1606-1753$c20171028$lBLL01$h1352
=CAT  \\$aW2011-1472$b00$c20201127$lBLL01$h1833
=FIN  \\$aY$d20130610
=LAS  \\$aW2011-1472$b00$c20201127$lBLL01$h1833

