=LDR  01942 gm a2200493uu 4500
=001  016428298
=003  Uk
=005  20201127183328.0
=008  100813s1976\\\\xx\|||\|||||||||||mleng\d
=FMT  \\$a  VM
=035  \\$aASP764952/ant1
=245  00$aMoonblood: A Yanomamo Creation Myth as Told by Dedeheiwa
=260  \\$aWatertown, MA$bDocumentary Educational Resources (DER)$c1976
=306  \\$a14 minutes
=490  0\$aEthnographic Video Online, Volume 1
=505  00$aRecorded in 1975
=520  3\$aIn this myth, the Yanomamo account for the creation of human beings and for their ferocity. The myth is told by the shaman Dedeheiwa.
=546  \\$aIn Yanomamö, Subtitles in English
=650  04$aYanomamö
=650  \4$aHuman nature
=650  \4$aMyths and legends
=650  \4$aTraditional history
=650  \4$aTribal and national groups
=700  1\$aAsch, Timothy.$4pro
=700  1\$aChagnon, Napoleon$4pro
=700  1\$aAsch, Timothy.$4aut
=700  1\$aChagnon, Napoleon$4aut
=700  1\$aAsch, Timothy.$4drt
=700  1\$aChagnon, Napoleon$4drt
=700  1\$aDedeheiwä$4oth
=773  0\$dWatertown, MA : Documentary Educational Resources (DER), 1976
=856  40$uhttp://www.aspresolver.com/aspresolver.asp?ANTH;764952$yAlexander Street Press Ethnographic Video Online
=859  \\$aORR$bAlexander Street Press
=883  0\$aLanguage codes assigned by Bayesian analysis of words present in record$d20201028$qUk$c0.9010
=985  \\$aUpgraded by BSS-generated file for WR2011-1472
=CAT  \\$aWR13_071$b00$c20130610$lBLL01$h1613
=CAT  \\$aBATCH$b00$c20130610$lBLL01$h1613
=CAT  \\$aWR16_088$c20160606$lBLL01$h1632
=CAT  \\$aBATCH-UPD$b00$c20160606$lBLL01$h1635
=CAT  \\$aW1610-0368$c20161006$lBLL01$h0938
=CAT  \\$aW1606-1753$c20171028$lBLL01$h1352
=CAT  \\$aW2011-1472$b00$c20201127$lBLL01$h1833
=FIN  \\$aY$d20130610
=LAS  \\$aW2011-1472$b00$c20201127$lBLL01$h1833

