=LDR  02075 gm a2200505uu 4500
=001  016428299
=003  Uk
=005  20201127183328.0
=008  100813s1997\\\\xx\|||\|||||||||||mleng\d
=FMT  \\$a  VM
=035  \\$aASP764954/ant1
=245  00$aMorayngava
=260  \\$aWatertown, MA$bDocumentary Educational Resources (DER)$c1997
=306  \\$a17 minutes
=490  0\$aEthnographic Video Online, Volume 1
=505  00$aRecorded in 1997
=520  3\$aThe Asurini define video images as Morayngava, "the design of things." They are delighted to see their own images on-screen, and see video as a vehicle for teaching, remembrance and representation of dreamlike shamanic experiences.
=546  \\$aIn Asuriní do Xingú [de Koatinema], Subtitles in English
=650  04$aAsurini
=650  \4$aEthnosociology
=650  \4$aTelevision
=650  \4$aCultural change and history
=650  \4$aTribal and national groups
=650  \4$aShamanism
=650  \4$aCultural identity
=700  1\$aCarelli, Vincent.$4pro
=700  1\$aMüller, Regina.$4aut
=700  1\$aValadão, Virginia.$4aut
=700  1\$aMüller, Regina.$4drt
=700  1\$aValadão, Virginia.$4drt
=773  0\$dWatertown, MA : Documentary Educational Resources (DER), 1997
=856  40$uhttp://www.aspresolver.com/aspresolver.asp?ANTH;764954$yAlexander Street Press Ethnographic Video Online
=859  \\$aORR$bAlexander Street Press
=883  0\$aLanguage codes assigned by Bayesian analysis of words present in record$d20201028$qUk$c0.9010
=985  \\$aUpgraded by BSS-generated file for WR2011-1472
=CAT  \\$aWR13_071$b00$c20130610$lBLL01$h1613
=CAT  \\$aBATCH$b00$c20130610$lBLL01$h1613
=CAT  \\$aBATCH-UPD$b00$c20141215$lBLL01$h0244
=CAT  \\$aWR16_088$c20160606$lBLL01$h1632
=CAT  \\$aBATCH-UPD$b00$c20160606$lBLL01$h1635
=CAT  \\$aW1610-0368$c20161006$lBLL01$h0938
=CAT  \\$aW1606-1753$c20171028$lBLL01$h1352
=CAT  \\$aW2011-1472$b00$c20201127$lBLL01$h1833
=FIN  \\$aY$d20130610
=LAS  \\$aW2011-1472$b00$c20201127$lBLL01$h1833

