=LDR  02335 gm a2200505uu 4500
=001  016428300
=003  Uk
=005  20201127183328.0
=008  100813s1995\\\\xx\|||\|||||||||||mleng\d
=FMT  \\$a  VM
=035  \\$aASP764956/ant1
=245  00$aMorning With Asch
=260  \\$aWatertown, MA$bDocumentary Educational Resources (DER)$c1995
=306  \\$a45 minutes
=490  0\$aEthnographic Video Online, Volume 1
=505  00$aRecorded in 1994
=520  3\$aIn the Spring of 1994, Timothy Asch, internationally known and honored filmmaker, was dying of cancer. Educator, anthropologist, and driving force behind the Visual Anthropology Review, he is best known for his groundbraking films on the Yanomamo made with Napoleon Chagnon and the Indonesian films with Patsy Asch, James Fox, E.Douglas Lewis and Linda Connor. His colleague and fellow visual anthropologist, Jayasinhji Jhala visited him at his home in Los Angeles to conduct a video taped interview from which this edited version is the end result.
=546  \\$aIn English
=650  \4$aCultural ethos
=650  \4$aEthnosociology
=650  \4$aDeath
=650  \4$aFilms and filmmaking careers
=650  \4$aChildhood
=650  \4$aEthnographic methodology
=650  \4$aAnthropology
=700  1\$aJhala, Jayasinhji.$4pro
=700  1\$aPowell, Lindsey W., Ph.D.$4pro
=700  1\$aJhala, Jayasinhji.$4aut
=700  1\$aJhala, Jayasinhji.$4drt
=700  1\$aAsch, Timothy.$4oth
=700  1\$aJhala, Jayasinhji.$4oth
=773  0\$dWatertown, MA : Documentary Educational Resources (DER), 1995
=856  40$uhttp://www.aspresolver.com/aspresolver.asp?ANTH;764956$yAlexander Street Press Ethnographic Video Online
=859  \\$aORR$bAlexander Street Press
=883  0\$aLanguage codes assigned by Bayesian analysis of words present in record$d20201028$qUk$c0.9010
=985  \\$aUpgraded by BSS-generated file for WR2011-1472
=CAT  \\$aWR13_071$b00$c20130610$lBLL01$h1613
=CAT  \\$aBATCH$b00$c20130610$lBLL01$h1613
=CAT  \\$aWR16_088$c20160606$lBLL01$h1632
=CAT  \\$aBATCH-UPD$b00$c20160606$lBLL01$h1635
=CAT  \\$aW1610-0368$c20161006$lBLL01$h0938
=CAT  \\$aW1606-1753$c20171028$lBLL01$h1352
=CAT  \\$aW2011-1472$b00$c20201127$lBLL01$h1833
=FIN  \\$aY$d20130610
=LAS  \\$aW2011-1472$b00$c20201127$lBLL01$h1833

