=LDR  02518 gm a2200397uu 4500
=001  016428301
=003  Uk
=005  20201127183328.0
=008  100813s9999\\\\xx\|||\|||||||||||mleng\d
=FMT  \\$a  VM
=035  \\$aASP1784983/ant1
=245  00$aMorocco: The Past And Present of Djemma el Fna
=260  \\$aNew York, NY$bFilmakers Library
=306  \\$a17 minutes
=490  0\$aEthnographic Video Online, Volume 1
=520  3\$aMarrakech's famous square, a historic crossroad of Arab and Berber cultures, has for years stirred the imagination of Westerners. This documentary captures the color, romance and spiritual atmosphere that once led visitors such as Edith Wharton, Eleanor Roosevelt, and Winston Churchill to marvel at its magic. More than a tourist spectacle, the square with its storytellers, musicians, acrobats and snake charmers, embodies centuries-old cultural traditions. Our Moroccan guide informs us of the square's history as a destination for caravans from the Sahara and how from earliest times it has been a center for the dissemination of ideas. He weaves his way through the square which is overflowing with performers including the snake charmer, Blaid Farrouss and his young son who hopes to carry on his family's profession. We watch visitors enjoy their exchanges with people who at first appeared strange and exotic. In turn Moroccans show their interest in foreigners and the world beyond Morocco they represent. Always, our guide points to the importance of tradition and hospitality in the Arab world.
=546  \\$aIn English
=650  04$aMoroccan
=650  \4$aTravel
=650  \4$aCultural life
=650  \4$aTourist attractions
=700  1\$aMontgomery, Steven.$4pro
=773  0\$dNew York, NY : Filmakers Library
=856  40$uhttp://www.aspresolver.com/aspresolver.asp?ANTH;1784983$yAlexander Street Press Ethnographic Video Online
=859  \\$aORR$bAlexander Street Press
=883  0\$aLanguage codes assigned by Bayesian analysis of words present in record$d20201028$qUk$c0.9010
=985  \\$aUpgraded by BSS-generated file for WR2011-1472
=CAT  \\$aWR13_071$b00$c20130610$lBLL01$h1613
=CAT  \\$aBATCH$b00$c20130610$lBLL01$h1613
=CAT  \\$aWR16_088$c20160606$lBLL01$h1632
=CAT  \\$aBATCH-UPD$b00$c20160606$lBLL01$h1635
=CAT  \\$aW1610-0368$c20161006$lBLL01$h0938
=CAT  \\$aW1606-1753$c20171028$lBLL01$h1352
=CAT  \\$aW2011-1472$b00$c20201127$lBLL01$h1833
=FIN  \\$aY$d20130610
=LAS  \\$aW2011-1472$b00$c20201127$lBLL01$h1833

