=LDR  01850 gm a2200445uu 4500
=001  016428302
=003  Uk
=005  20201127183328.0
=008  100813s1980\\\\xx\|||\|||||||||||mleng\d
=FMT  \\$a  VM
=035  \\$aASP764958/ant1
=245  00$aMorris Family Old Time Music Festival
=260  \\$aWatertown, MA$bDocumentary Educational Resources (DER)$c1980
=306  \\$a30 minutes
=490  0\$aEthnographic Video Online, Volume 1
=505  00$aRecorded in 1972
=520  3\$aFrom 1969 to 1973 the Morris brothers held old time music festivals at their home in Ivydale, West Virginia. These "back porch" festivals were famous for their outstanding fiddle, banjo, and ballad music, as well as for their persistent rain and mud.
=546  \\$aIn English
=650  04$aAmerican
=650  \4$aFamily activities
=650  \4$aCultural identity
=650  \4$aMusical performances
=650  \4$aFolk music
=700  1\$aGates, Robert$4drt
=700  1\$aMorris, Dave.$4oth
=700  1\$aMorris, John.$4oth
=773  0\$dWatertown, MA : Documentary Educational Resources (DER), 1980
=856  40$uhttp://www.aspresolver.com/aspresolver.asp?ANTH;764958$yAlexander Street Press Ethnographic Video Online
=859  \\$aORR$bAlexander Street Press
=883  0\$aLanguage codes assigned by Bayesian analysis of words present in record$d20201028$qUk$c0.9010
=985  \\$aUpgraded by BSS-generated file for WR2011-1472
=CAT  \\$aWR13_071$b00$c20130610$lBLL01$h1613
=CAT  \\$aBATCH$b00$c20130610$lBLL01$h1613
=CAT  \\$aWR16_088$c20160606$lBLL01$h1632
=CAT  \\$aBATCH-UPD$b00$c20160606$lBLL01$h1635
=CAT  \\$aW1610-0368$c20161006$lBLL01$h0938
=CAT  \\$aW1606-1753$c20171028$lBLL01$h1352
=CAT  \\$aW2011-1472$b00$c20201127$lBLL01$h1833
=FIN  \\$aY$d20130610
=LAS  \\$aW2011-1472$b00$c20201127$lBLL01$h1833

