=LDR  01892 gm a2200457uu 4500
=001  016428303
=003  Uk
=005  20201127183328.0
=008  100813s9999\\\\xx\|||\|||||||||||mleng\d
=FMT  \\$a  VM
=035  \\$aASP1796750/ant1
=245  00$aMother Earth
=260  \\$aOslo, Norway$bNordic World
=306  \\$a52 minutes
=490  0\$aEthnographic Video Online, Volume 1
=520  3\$aThe first episode takes us to the Amazon jungle in Peru where since ancient times they have used fire to clear the land so they can cultivate their manioc trees, to the floating world of reeds at Lake Titicaca, to the Himalayan mountains of Tibet and modern yak herders there, and to the Awash valley in Ethiopia where the nomads now are stuck in one place all year with their livestock.
=546  \\$aIn English
=650  04$aUru
=650  04$aTibetan
=650  04$aPeruvian
=650  04$aEthiopian
=650  \4$aGeographical features
=650  \4$aFarming
=650  \4$aHerders
=700  1\$aHellum, Thomas$4drt
=700  1\$aSaebo, Nils Arne$4drt
=700  1\$aPeel, Richard.$4nrt
=773  0\$dOslo, Norway : Nordic World
=856  40$uhttp://www.aspresolver.com/aspresolver.asp?ANTH;1796750$yAlexander Street Press Ethnographic Video Online
=859  \\$aORR$bAlexander Street Press
=883  0\$aLanguage codes assigned by Bayesian analysis of words present in record$d20201028$qUk$c0.9010
=985  \\$aUpgraded by BSS-generated file for WR2011-1472
=CAT  \\$aWR13_071$b00$c20130610$lBLL01$h1613
=CAT  \\$aBATCH$b00$c20130610$lBLL01$h1613
=CAT  \\$aWR16_088$c20160606$lBLL01$h1632
=CAT  \\$aBATCH-UPD$b00$c20160606$lBLL01$h1635
=CAT  \\$aW1610-0368$c20161006$lBLL01$h0938
=CAT  \\$aW1606-1753$c20171028$lBLL01$h1352
=CAT  \\$aW2011-1472$b00$c20201127$lBLL01$h1833
=FIN  \\$aY$d20130610
=LAS  \\$aW2011-1472$b00$c20201127$lBLL01$h1833

