=LDR  02099 gm a2200481uu 4500
=001  016428304
=003  Uk
=005  20201127183328.0
=008  100813s2001\\\\xx\|||\|||||||||||mleng\d
=FMT  \\$a  VM
=035  \\$aASP764960/ant1
=245  00$aMount Nemrud: The Throne of the Gods
=260  \\$aWatertown, MA$bDocumentary Educational Resources (DER)$c2001
=306  \\$a52 minutes
=490  0\$aEthnographic Video Online, Volume 1
=505  00$aLocated in one of the most remote areas of Eastern Turkey and considered the eighth wonder of the ancient world, Mount Nemrud has been shrouded in mystery for more than 2000 years. At 7,700 feet above sea level and containing a 150-foot high tumulus flanked by colossal statues, the Mount Nemrud sanctuary has become synonymous with absolute grandeur.
=546  \\$aIn English
=600  14$aAntiochus I, Theos of Commagene
=650  \4$aTombs
=650  \4$aAncient civilizations
=650  \4$aMountains
=650  \4$aArchaeological sites
=650  \4$aArchaeology
=700  1\$aÖrnek, Tolga.$4pro
=700  1\$aÖrnek, Tolga.$4aut
=700  1\$aÖrnek, Tolga.$4drt
=700  1\$aSanders, Donald H.$4oth
=700  1\$aCampanella, Joseph.$4nrt
=773  0\$dWatertown, MA : Documentary Educational Resources (DER), 2001
=856  40$uhttp://www.aspresolver.com/aspresolver.asp?ANTH;764960$yAlexander Street Press Ethnographic Video Online
=859  \\$aORR$bAlexander Street Press
=883  0\$aLanguage codes assigned by Bayesian analysis of words present in record$d20201028$qUk$c0.9010
=985  \\$aUpgraded by BSS-generated file for WR2011-1472
=CAT  \\$aWR13_071$b00$c20130610$lBLL01$h1613
=CAT  \\$aBATCH$b00$c20130610$lBLL01$h1613
=CAT  \\$aBATCH-UPD$b00$c20130610$lBLL01$h1618
=CAT  \\$aWR16_088$c20160606$lBLL01$h1632
=CAT  \\$aBATCH-UPD$b00$c20160606$lBLL01$h1635
=CAT  \\$aW1610-0368$c20161006$lBLL01$h0938
=CAT  \\$aW1606-1753$c20171028$lBLL01$h1352
=CAT  \\$aW2011-1472$b00$c20201127$lBLL01$h1833
=FIN  \\$aY$d20130610
=LAS  \\$aW2011-1472$b00$c20201127$lBLL01$h1833

