=LDR  02746 gm a2200481uu 4500
=001  016428306
=003  Uk
=005  20201127183328.0
=008  100813s9999\\\\xx\|||\|||||||||||mleng\d
=FMT  \\$a  VM
=035  \\$aASP1689362/ant1
=245  00$aMountains of Gold: The People of Porgera
=260  \\$aNew York, NY$bFilmakers Library
=306  \\$a52 minutes
=490  0\$aEthnographic Video Online, Volume 1
=505  00$aMountains of Gold is a unique chronicle of a nomadic, hunter / gatherer society undergoing the profound change to a money economy over a ten-year period. This tribe was first discovered by Australian explorers in 1938. Original footage shows their amazement at seeing their "white ancestors" in their midst. Until 1984 when gold was discovered on their land, the Ipili's wealth was still being measured by how many wives and pigs they had. When they decided to sell their land to the goldmining company, their way of life would change forever. The mining company began the long and arduous process of bargaining with the Ipili who were surprisingly skilled as negotiators. In the end the Ipili became among the wealthiest people in Papua New Guinea. Many spent their new found money quickly - on cars, alcohol and women. Living in suburban style houses changed the tradition of the men living together, apart from their families. The population burgeoned and shopping and church activities replaced time spent obtaining food. A social worker was needed to help them adjust.
=546  \\$aIn English
=650  04$aPapua New Guinean
=650  \4$aCultural identity
=650  \4$aProperty rights
=650  \4$aEconomic conditions
=650  \4$aGold rushes
=650  \4$aGold mining
=700  1\$aDavis, John.$4pro
=700  1\$aMiller, Cathy.$4aut
=700  1\$aNorton, Michael$4aut
=700  1\$aDavis, John.$4drt
=700  1\$aWaters, John.$4nrt
=773  0\$dNew York, NY : Filmakers Library
=856  40$uhttp://www.aspresolver.com/aspresolver.asp?ANTH;1689362$yAlexander Street Press Ethnographic Video Online
=859  \\$aORR$bAlexander Street Press
=883  0\$aLanguage codes assigned by Bayesian analysis of words present in record$d20201028$qUk$c0.9010
=985  \\$aUpgraded by BSS-generated file for WR2011-1472
=CAT  \\$aWR13_071$b00$c20130610$lBLL01$h1613
=CAT  \\$aBATCH$b00$c20130610$lBLL01$h1613
=CAT  \\$aBATCH-UPD$b00$c20140928$lBLL01$h2045
=CAT  \\$aBATCH-UPD$b00$c20160310$lBLL01$h2142
=CAT  \\$aWR16_088$c20160606$lBLL01$h1632
=CAT  \\$aW1610-0368$c20161006$lBLL01$h0938
=CAT  \\$aW1606-1753$c20171028$lBLL01$h1352
=CAT  \\$aW2011-1472$b00$c20201127$lBLL01$h1833
=FIN  \\$aY$d20130610
=LAS  \\$aW2011-1472$b00$c20201127$lBLL01$h1833

