=LDR  02028 gm a2200541uu 4500
=001  016428308
=003  Uk
=005  20201127183328.0
=008  100813s9999\\\\xx\|||\|||||||||||mleng\d
=FMT  \\$a  VM
=035  \\$aASP764964/ant1
=245  00$aMr. Patterns
=260  \\$aWatertown, MA$bDocumentary Educational Resources (DER)
=306  \\$a55 minutes
=490  0\$aEthnographic Video Online, Volume 1
=505  00$aMr. Patterns tells the story of Geoff Bardon who, together with the Papunya artists, was a catalyst for what many consider one of the greatest art movements of the 20th century.
=546  \\$aIn English
=600  14$aBardon, Geoff
=650  04$aAustralian Aboriginal
=650  \4$aAborigines
=650  \4$aTeachers
=650  \4$aPainting
=650  \4$aCultural identity
=650  \4$aTribal and national groups
=700  1\$aPlumley, Jo$4pro
=700  1\$aTestoni, Nic$4pro
=700  1\$aPlumley, Jo$4aut
=700  1\$aTestoni, Nic$4aut
=700  1\$aMcKenzie, Catriona.$4drt
=700  1\$aFred Friis$4oth
=700  1\$aPerkins, Hetti.$4oth
=700  1\$aKimber, Dick$4oth
=700  1\$aAnderson Tionggarda, Linda$4oth
=700  1\$aBardon, Geoff$4oth
=773  0\$dWatertown, MA : Documentary Educational Resources (DER)
=856  40$uhttp://www.aspresolver.com/aspresolver.asp?ANTH;764964$yAlexander Street Press Ethnographic Video Online
=859  \\$aORR$bAlexander Street Press
=883  0\$aLanguage codes assigned by Bayesian analysis of words present in record$d20201028$qUk$c0.9010
=985  \\$aUpgraded by BSS-generated file for WR2011-1472
=CAT  \\$aWR13_071$b00$c20130610$lBLL01$h1613
=CAT  \\$aBATCH$b00$c20130610$lBLL01$h1613
=CAT  \\$aWR16_088$c20160606$lBLL01$h1632
=CAT  \\$aBATCH-UPD$b00$c20160606$lBLL01$h1635
=CAT  \\$aW1610-0368$c20161006$lBLL01$h0938
=CAT  \\$aW1606-1753$c20171028$lBLL01$h1352
=CAT  \\$aW2011-1472$b00$c20201127$lBLL01$h1833
=FIN  \\$aY$d20130610
=LAS  \\$aW2011-1472$b00$c20201127$lBLL01$h1833

