=LDR  02174 gm a2200517uu 4500
=001  016428309
=003  Uk
=005  20201127183328.0
=008  100813s2007\\\\xx\|||\|||||||||||mleng\d
=FMT  \\$a  VM
=035  \\$aASP765420/ant1
=245  00$aThe Mseyas
=260  \\$aWatertown, MA$bDocumentary Educational Resources (DER)$c2007
=306  \\$a52 minutes
=490  0\$aEthnographic Video Online, Volume 1
=505  00$aThe Mseyas are Alberina, Maria, Amos and Orselina. A family of four siblings in Tanzania, they have been Orphaned by AIDS, like so many other young people in Africa. Their lives are a daily struggle to survive without parental or state support. Earning a small income by collecting firewood, the Mseyas contend with illness, debt and constant worry. However, they maintain a certain youthful optimism about the future.
=546  \\$aIn Swahili, Subtitles in English
=650  04$aTanzanian
=650  \4$aPoverty
=650  \4$aEducation
=650  \4$aDaily life
=650  \4$aAIDS
=650  \4$aEpidemics
=650  \4$aOrphans
=650  \4$aSiblings
=700  1\$aVizoso, Gustavo.$4pro
=700  1\$aVizoso, Gustavo.$4aut
=700  1\$aVizoso, Gustavo.$4drt
=700  1\$aMseya, Alberina$4oth
=700  1\$aMseya, Amos$4oth
=700  1\$aMseya, María$4oth
=700  1\$aMseya, Orsolina$4oth
=773  0\$dWatertown, MA : Documentary Educational Resources (DER), 2007
=856  40$uhttp://www.aspresolver.com/aspresolver.asp?ANTH;765420$yAlexander Street Press Ethnographic Video Online
=859  \\$aORR$bAlexander Street Press
=883  0\$aLanguage codes assigned by Bayesian analysis of words present in record$d20201028$qUk$c0.9010
=985  \\$aUpgraded by BSS-generated file for WR2011-1472
=CAT  \\$aWR13_071$b00$c20130610$lBLL01$h1613
=CAT  \\$aBATCH$b00$c20130610$lBLL01$h1613
=CAT  \\$aWR16_088$c20160606$lBLL01$h1632
=CAT  \\$aBATCH-UPD$b00$c20160606$lBLL01$h1635
=CAT  \\$aW1610-0368$c20161006$lBLL01$h0938
=CAT  \\$aW1606-1753$c20171028$lBLL01$h1352
=CAT  \\$aW2011-1472$b00$c20201127$lBLL01$h1833
=FIN  \\$aY$d20130610
=LAS  \\$aW2011-1472$b00$c20201127$lBLL01$h1833

