=LDR  01977 gm a2200433uu 4500
=001  016428310
=003  Uk
=005  20201127183328.0
=008  100813s9999\\\\xx\|||\|||||||||||mleng\d
=FMT  \\$a  VM
=035  \\$aASP1879769/ant1
=245  00$aMuktuk
=260  \\$aLondon, UK$bRoyal Anthropological Institute
=306  \\$a39 minutes
=490  0\$aEthnographic Video Online, Volume 1
=505  00$aShot on the mosquito-ridden shores of the Mackenzie Delta in Canada's North-West territories, the film deals with the annual Beluga (white whale) hunt. Three families are followed who have migrated 110 miles in order to lay supplies for the winter. Central character, Buster Kalek and his grandson Trevor, are seen in a dramatic Beluga chase. Elders of the Innuvialluit Eskimo feel that the survival of their way of life lies in the transmission of knowledge about traditional fishing.
=546  \\$aIn English
=650  04$aEskimo
=650  \4$aCultural identity
=650  \4$aCommercial fishing
=650  \4$aWhales
=650  \4$aWhaling
=700  1\$aJohnston, Graham.$4drt
=700  1\$aKalek, Buster$4oth
=700  1\$aKalek, Trevor$4oth
=773  0\$dLondon, UK : Royal Anthropological Institute
=856  40$uhttp://www.aspresolver.com/aspresolver.asp?ANTH;1879769$yAlexander Street Press Ethnographic Video Online
=859  \\$aORR$bAlexander Street Press
=883  0\$aLanguage codes assigned by Bayesian analysis of words present in record$d20201028$qUk$c0.9010
=985  \\$aUpgraded by BSS-generated file for WR2011-1472
=CAT  \\$aWR13_071$b00$c20130610$lBLL01$h1613
=CAT  \\$aBATCH$b00$c20130610$lBLL01$h1613
=CAT  \\$aWR16_088$c20160606$lBLL01$h1632
=CAT  \\$aBATCH-UPD$b00$c20160606$lBLL01$h1635
=CAT  \\$aW1610-0368$c20161006$lBLL01$h0938
=CAT  \\$aW1606-1753$c20171028$lBLL01$h1352
=CAT  \\$aW2011-1472$b00$c20201127$lBLL01$h1833
=FIN  \\$aY$d20130610
=LAS  \\$aW2011-1472$b00$c20201127$lBLL01$h1833

