=LDR  02884 gm a2200469uu 4500
=001  016428311
=003  Uk
=005  20201127183328.0
=008  100813s9999\\\\xx\|||\|||||||||||mleng\d
=FMT  \\$a  VM
=035  \\$aASP1689364/ant1
=245  00$aMundo Milagroso: (Miraculous World)
=260  \\$aNew York, NY$bFilmakers Library
=306  \\$a27 minutes
=490  0\$aEthnographic Video Online, Volume 1
=505  00$aIn Texan communities along the Rio Grande River, there is a vibrant mixture of Spanish Catholicism and Indian mysticism. For hundreds of years various saints and religious figures have made appearances to a receptive public. This film takes a respectful look at the current manifestations of these symbols of faith and the people who hold them dear. The filmmakers, one of whom is of Mexican descent, set out for the border to witness these phenomena themselves. They visit the modest home of Paulita Rivera in Hidalgo, TX, who discovered the face of Jesus in a tortilla she had made. Soon the tortilla was encased in plastic and revered by supplicants for its healing properties. Another town boasts the Shrine of the Holy Camaro where a religious silhouette suddenly appeared on a Chevrolet. Believers congregate daily to pray for miracles for their loved ones. In Brownsville stands the Madonna Tree whose bark displays an image of the Virgin. We hear from people who believe that God intervened for them and cured their ailments. In these border towns there is an abiding faith in spiritual forces. Just as their Indian ancestors saw divinity in the rising of the sun each day, so they have sighted objects of faith in their daily surroundings.
=546  \\$aIn English, Spanish
=650  04$aMexican-American
=650  \4$aCatholicism
=650  \4$aMiracles
=650  \4$aOmens and signs
=650  \4$aPilgrimage
=700  1\$aDelgado, Monica.$4pro
=700  1\$aGoodman, Kels.$4pro
=700  1\$aVan Wagenen, Michael.$4pro
=700  1\$aDelgado, Monica.$4aut
=700  1\$aVan Wagenen, Michael.$4aut
=700  1\$aRivera, Paulita$4oth
=773  0\$dNew York, NY : Filmakers Library
=856  40$uhttp://www.aspresolver.com/aspresolver.asp?ANTH;1689364$yAlexander Street Press Ethnographic Video Online
=859  \\$aORR$bAlexander Street Press
=883  0\$aLanguage codes assigned by Bayesian analysis of words present in record$d20201028$qUk$c0.9010
=985  \\$aUpgraded by BSS-generated file for WR2011-1472
=CAT  \\$aWR13_071$b00$c20130610$lBLL01$h1613
=CAT  \\$aBATCH$b00$c20130610$lBLL01$h1613
=CAT  \\$aWR16_088$c20160606$lBLL01$h1632
=CAT  \\$aBATCH-UPD$b00$c20160606$lBLL01$h1635
=CAT  \\$aW1610-0368$c20161006$lBLL01$h0938
=CAT  \\$aW1606-1753$c20171028$lBLL01$h1352
=CAT  \\$aW2011-1472$b00$c20201127$lBLL01$h1833
=FIN  \\$aY$d20130610
=LAS  \\$aW2011-1472$b00$c20201127$lBLL01$h1833

