=LDR  02174 gm a2200541uu 4500
=001  016428312
=003  Uk
=005  20201127183328.0
=008  100813s2004\\\\xx\|||\|||||||||||mleng\d
=FMT  \\$a  VM
=035  \\$aASP764966/ant1
=245  00$aMusafir
=260  \\$aWatertown, MA$bDocumentary Educational Resources (DER)$c2004
=306  \\$a84 minutes
=490  0\$aEthnographic Video Online, Volume 1
=505  00$aMusafir is the name given to a group of folk musicians from different castes and religions in Rajasthan, India. Hameed Khan, a tabla player who divides his time between Paris and Jaipur, is constantly searching for the best musicians who he then takes under his wing and teaches them the Musafir repertoire.
=650  04$aIndian
=650  \4$aTravel
=650  \4$aSocial castes
=650  \4$aTribal and national groups
=650  \4$aCultural identity
=650  \4$aFolk music
=650  \4$aMusicians
=700  1\$aDupire, Cédric.$4aut
=700  1\$aPerez, Pierre-Yves.$4aut
=700  1\$aDupire, Cédric.$4drt
=700  1\$aPerez, Pierre-Yves.$4drt
=700  1\$aKhan, Chugge$4oth
=700  1\$aKhan, Hameed.$4oth
=700  1\$aKhan, Saddic$4oth
=700  1\$aKhan, Sawan$4oth
=700  1\$aNat, Lum$4oth
=700  1\$aSapera, Katu$4oth
=773  0\$dWatertown, MA : Documentary Educational Resources (DER), 2004
=856  40$uhttp://www.aspresolver.com/aspresolver.asp?ANTH;764966$yAlexander Street Press Ethnographic Video Online
=859  \\$aORR$bAlexander Street Press
=883  0\$aLanguage codes assigned by Bayesian analysis of words present in record$d20201028$qUk$c0.9010
=985  \\$aUpgraded by BSS-generated file for WR2011-1472
=CAT  \\$aWR13_071$b00$c20130610$lBLL01$h1613
=CAT  \\$aBATCH$b00$c20130610$lBLL01$h1613
=CAT  \\$aBATCH-UPD$b00$c20130610$lBLL01$h1622
=CAT  \\$aWR16_088$c20160606$lBLL01$h1632
=CAT  \\$aBATCH-UPD$b00$c20160606$lBLL01$h1635
=CAT  \\$aW1610-0368$c20161006$lBLL01$h0938
=CAT  \\$aW1606-1753$c20171028$lBLL01$h1352
=CAT  \\$aW2011-1472$b00$c20201127$lBLL01$h1833
=FIN  \\$aY$d20130610
=LAS  \\$aW2011-1472$b00$c20201127$lBLL01$h1833

