=LDR  02846 gm a2200457uu 4500
=001  016428313
=003  Uk
=005  20201127183328.0
=008  100813s1994\\\\xx\|||\|||||||||||mleng\d
=FMT  \\$a  VM
=035  \\$aASP1689437/ant1
=245  00$aThe Musical Steppes of Mongolia
=260  \\$aNew York, NY$bFilmakers Library$c1994
=306  \\$a50 minutes
=490  0\$aEthnographic Video Online, Volume 1
=505  00$aAlain Desjacques, a well-known ethnomusicologist, takes us on a pilgrimmage to find and record the best traditional musicians and singers on the steppes of Mongolia. Desjacques had spent time in Mongolia before and had learned the language. Thus he was welcomed and given access to domestic life, with its closely knit families and intergenerational living. Set against stunning vistas of the rugged terrain, the film captures not only the music, but the richly textured details of daily life - hospitality customs, food preparation, games, caring for the herds. It is a portrait of a people who live almost entirely off their animals - horses, yaks, camels, and sheep - with little contact with the outside world.Travelling by horseback, truck and foot, Desjacques tracks down the most revered diphonic musicians. The diphonic sound combines a base drone with a melodic upper register. We hear part of an epic song which takes the singer seven days to perform, completely from memory. The venerable flutist, Narantsogt, performs inside his yurt, producing diphonic sounds that mimic nature. His daughter serves the customary salted tea and yak yogourt fermented in a goat skin bag. The Musical Steppes of Mongolia provides a unique view of a rapidly disappearing culture.
=546  \\$aIn English
=650  04$aMongolian
=650  \4$aTribal and national groups
=650  \4$aMusic
=650  \4$aSongs
=650  \4$aFolk music
=650  \4$aEthnomusicology
=700  1\$aDraper, Heidi.$4pro
=700  1\$aDesjacques, Alain.$4aut
=700  1\$aDraper, Heidi.$4drt
=700  1\$aBanday, Paul.$4nrt
=773  0\$dNew York, NY : Filmakers Library, 1994
=856  40$uhttp://www.aspresolver.com/aspresolver.asp?ANTH;1689437$yAlexander Street Press Ethnographic Video Online
=859  \\$aORR$bAlexander Street Press
=883  0\$aLanguage codes assigned by Bayesian analysis of words present in record$d20201028$qUk$c0.9010
=985  \\$aUpgraded by BSS-generated file for WR2011-1472
=CAT  \\$aWR13_071$b00$c20130610$lBLL01$h1613
=CAT  \\$aBATCH$b00$c20130610$lBLL01$h1613
=CAT  \\$aWR16_088$c20160606$lBLL01$h1632
=CAT  \\$aBATCH-UPD$b00$c20160606$lBLL01$h1635
=CAT  \\$aW1610-0368$c20161006$lBLL01$h0938
=CAT  \\$aW1606-1753$c20171028$lBLL01$h1352
=CAT  \\$aW2011-1472$b00$c20201127$lBLL01$h1833
=FIN  \\$aY$d20130610
=LAS  \\$aW2011-1472$b00$c20201127$lBLL01$h1833

