=LDR  01626 gm a2200481uu 4500
=001  016428314
=003  Uk
=005  20201127183328.0
=008  100813s2006\\\\xx\|||\|||||||||||mleng\d
=FMT  \\$a  VM
=035  \\$aASP1659343/ant1
=245  00$aMUXES: Authentic, Intrepid Seekers of Danger
=260  \\$aRochester, NY$bEthnoscope$c2006
=306  \\$a101 minutes
=490  0\$aEthnographic Video Online, Volume 1
=505  00$aZapotec
=650  \4$aCross-dressing
=650  \4$aSocial dances
=650  \4$aAIDS
=650  \4$aSex
=650  \4$aRomantic relationships
=650  \4$aCultural identity
=650  \4$aDiscrimination
=650  \4$aGender roles
=650  \4$aChildhood
=650  \4$aSelf-esteem
=650  \4$aGays
=700  1\$aIslas, Alejandra.$4pro
=700  1\$aAntónio, José.$4oth
=773  0\$dRochester, NY : Ethnoscope, 2006
=856  40$uhttp://www.aspresolver.com/aspresolver.asp?ANTH;1659343$yAlexander Street Press Ethnographic Video Online
=859  \\$aORR$bAlexander Street Press
=883  0\$aLanguage codes assigned by Bayesian analysis of words present in record$d20201028$qUk$c0.9010
=985  \\$aUpgraded by BSS-generated file for WR2011-1472
=CAT  \\$aWR13_071$b00$c20130610$lBLL01$h1613
=CAT  \\$aBATCH$b00$c20130610$lBLL01$h1613
=CAT  \\$aWR16_088$c20160606$lBLL01$h1632
=CAT  \\$aBATCH-UPD$b00$c20160606$lBLL01$h1635
=CAT  \\$aW1610-0368$c20161006$lBLL01$h0938
=CAT  \\$aW1606-1753$c20171028$lBLL01$h1352
=CAT  \\$aW2011-1472$b00$c20201127$lBLL01$h1833
=FIN  \\$aY$d20130610
=LAS  \\$aW2011-1472$b00$c20201127$lBLL01$h1833

