=LDR  02147 gm a2200457uu 4500
=001  016428315
=003  Uk
=005  20201127183328.0
=008  100813s1986\\\\xx\|||\|||||||||||mleng\d
=FMT  \\$a  VM
=035  \\$aASP764968/ant1
=245  00$aMy Family and Me
=260  \\$aWatertown, MA$bDocumentary Educational Resources (DER)$c1986
=306  \\$a75 minutes
=490  0\$aEthnographic Video Online, Volume 1
=505  00$aShot over four years, the film shows one specific aspect of migration: family relationships. Thanassakis, a 13-year-old boy, is staying with his grandparents in the Greek village of Ano Ravenia, while his parents stay with his younger brother in Zurich, Switzerland. It was filmed during three periods: winter in the village, summer in the village (while his parents, as most migrants, come back for the holidays), and Christmas in Zurich when the grandfather and the young boy visit their family.
=546  \\$aIn Greek, Subtitles in English
=650  04$aGreek
=650  \4$aDaily life
=650  \4$aImmigration and emigration
=650  \4$aFamily
=700  1\$aPiault, Colette.$4aut
=700  1\$aPiault, Colette.$4drt
=700  1\$aRoundas, Chrystos$4oth
=700  1\$aRoundas, Sofia$4oth
=700  1\$aSideris, Atanasios$4oth
=700  1\$aSideris, Vassiliki$4oth
=773  0\$dWatertown, MA : Documentary Educational Resources (DER), 1986
=856  40$uhttp://www.aspresolver.com/aspresolver.asp?ANTH;764968$yAlexander Street Press Ethnographic Video Online
=859  \\$aORR$bAlexander Street Press
=883  0\$aLanguage codes assigned by Bayesian analysis of words present in record$d20201028$qUk$c0.9010
=985  \\$aUpgraded by BSS-generated file for WR2011-1472
=CAT  \\$aWR13_071$b00$c20130610$lBLL01$h1613
=CAT  \\$aBATCH$b00$c20130610$lBLL01$h1613
=CAT  \\$aWR16_088$c20160606$lBLL01$h1632
=CAT  \\$aBATCH-UPD$b00$c20160606$lBLL01$h1635
=CAT  \\$aW1610-0368$c20161006$lBLL01$h0938
=CAT  \\$aW1606-1753$c20171028$lBLL01$h1352
=CAT  \\$aW2011-1472$b00$c20201127$lBLL01$h1833
=FIN  \\$aY$d20130610
=LAS  \\$aW2011-1472$b00$c20201127$lBLL01$h1833

