=LDR  02570 gm a2200469uu 4500
=001  016428316
=003  Uk
=005  20201127183328.0
=008  100813s9999\\\\xx\|||\|||||||||||mleng\d
=FMT  \\$a  VM
=035  \\$aASP1689366/ant1
=245  00$aMy Mother's Home, Lagoon
=260  \\$aNew York, NY$bFilmakers Library
=306  \\$a29 minutes
=490  0\$aEthnographic Video Online, Volume 1
=505  00$aLike Kurosawa's Woman in the Dunes, 67-year-old Kobra battles the elements on a lagoon in Iran to eke out a living for herself and her 100-year-old invalid mother. Even on New Year's day she is out in her rowboat before dawn, dropping and hauling her nets for the modest catch. She must argue fiercely with the men in the marketplace for a fair price, and physically battle fishermen on the water who claim the territory where her nets are placed. In an unforgettable scene the men tear her nets and scuffle with her on the deck until she falls into the water. Mother and daughter live together in a weather-beaten cottage on the edge of the lagoon. Pictures of their deceased loved ones surround them. The Koran, the voice of the mullahs on the radio, and their love for one another sustain them. With simplicity and honesty, this documentary makes a universal statement of the harsh realities many women face, and the strength that sustains them.
=546  \\$aIn Farsi, Subtitles in English
=650  04$aIranian
=650  \4$aNew Year's day
=650  \4$aGender roles
=650  \4$aDaughters
=650  \4$aMothers
=650  \4$aCommercial fishing
=700  1\$aNahanghodrati, Toufan.$4pro
=700  1\$aOskooee, Mehrdad.$4pro
=700  1\$aOskooee, Mehrdad.$4aut
=700  1\$aOskooee, Mehrdad.$4drt
=700  1\$aNabinya, Kobra$4oth
=773  0\$dNew York, NY : Filmakers Library
=856  40$uhttp://www.aspresolver.com/aspresolver.asp?ANTH;1689366$yAlexander Street Press Ethnographic Video Online
=859  \\$aORR$bAlexander Street Press
=883  0\$aLanguage codes assigned by Bayesian analysis of words present in record$d20201028$qUk$c0.9010
=985  \\$aUpgraded by BSS-generated file for WR2011-1472
=CAT  \\$aWR13_071$b00$c20130610$lBLL01$h1613
=CAT  \\$aBATCH$b00$c20130610$lBLL01$h1613
=CAT  \\$aWR16_088$c20160606$lBLL01$h1632
=CAT  \\$aBATCH-UPD$b00$c20160606$lBLL01$h1635
=CAT  \\$aW1610-0368$c20161006$lBLL01$h0938
=CAT  \\$aW1606-1753$c20171028$lBLL01$h1352
=CAT  \\$aW2011-1472$b00$c20201127$lBLL01$h1833
=FIN  \\$aY$d20130610
=LAS  \\$aW2011-1472$b00$c20201127$lBLL01$h1833

