=LDR  01664 gm a2200457uu 4500
=001  016428317
=003  Uk
=005  20201127183328.0
=008  100813s1999\\\\xx\|||\|||||||||||mleng\d
=FMT  \\$a  VM
=035  \\$aASP1646954/ant1
=245  00$aA Mysterious Death
=260  \\$aLondon, England$bBritish Broadcasting Corporation (BBC)$c1999
=306  \\$a49 minutes
=490  0\$aEthnographic Video Online, Volume 1
=505  00$aIn English, Subtitles in English
=650  04$aGhanian
=650  \4$aTribal and national groups
=650  \4$aWidowed persons
=650  \4$aCoffins
=650  \4$aFunerals
=650  \4$aDeaths
=700  1\$aErrington, Sarah.$4pro
=700  1\$aBulmer, John,$d1938-
=700  1\$aErrington, Sarah.$4aut
=700  1\$aNettles, John$4nrt
=773  0\$dLondon, England : British Broadcasting Corporation (BBC), 1999
=856  40$uhttp://www.aspresolver.com/aspresolver.asp?ANTH;1646954$yAlexander Street Press Ethnographic Video Online
=859  \\$aORR$bAlexander Street Press
=883  0\$aLanguage codes assigned by Bayesian analysis of words present in record$d20201028$qUk$c0.9010
=985  \\$aUpgraded by BSS-generated file for WR2011-1472
=CAT  \\$aWR13_071$b00$c20130610$lBLL01$h1613
=CAT  \\$aBATCH$b00$c20130610$lBLL01$h1613
=CAT  \\$aWR16_088$c20160606$lBLL01$h1632
=CAT  \\$aBATCH-UPD$b00$c20160606$lBLL01$h1635
=CAT  \\$aW1610-0368$c20161006$lBLL01$h0938
=CAT  \\$aW1606-1753$c20171028$lBLL01$h1352
=CAT  \\$a8964$b40$c20180727$lBLL01$h1551
=CAT  \\$aW2011-1472$b00$c20201127$lBLL01$h1833
=FIN  \\$aY$d20130610
=LAS  \\$aW2011-1472$b00$c20201127$lBLL01$h1833

