=LDR  01834 gm a2200505uu 4500
=001  016428318
=003  Uk
=005  20201127183328.0
=008  100813s2005\\\\xx\|||\|||||||||||mleng\d
=FMT  \\$a  VM
=035  \\$aASP1646978/ant1
=245  00$aThe Mystery of the Human Hobbit
=260  \\$aLondon, England$bBritish Broadcasting Corporation (BBC)$c2005
=306  \\$a49 minutes
=490  0\$aEthnographic Video Online, Volume 1
=505  00$aIn English
=650  04$aIndonesian
=650  \4$aEthnoanatomy
=650  \4$aArchaeological comparative data
=650  \4$aScientific research
=650  \4$aPhysical illnesses
=650  \4$aReporting anthropological data
=650  \4$aSomatology
=650  \4$aAnthropometry
=650  \4$aEthnographic methodology
=650  \4$aArchaeological site
=700  1\$aHiggins, Jackie.$4pro
=700  1\$aHiggins, Jackie.$4aut
=700  1\$aRoberts, Richard "Bert"$4oth
=700  1\$aBurton, Amanda$4nrt
=700  1\$aMorwood, Mike$4ctb
=773  0\$dLondon, England : British Broadcasting Corporation (BBC), 2005
=856  40$uhttp://www.aspresolver.com/aspresolver.asp?ANTH;1646978$yAlexander Street Press Ethnographic Video Online
=859  \\$aORR$bAlexander Street Press
=883  0\$aLanguage codes assigned by Bayesian analysis of words present in record$d20201028$qUk$c0.9010
=985  \\$aUpgraded by BSS-generated file for WR2011-1472
=CAT  \\$aWR13_071$b00$c20130610$lBLL01$h1613
=CAT  \\$aBATCH$b00$c20130610$lBLL01$h1613
=CAT  \\$aWR16_088$c20160606$lBLL01$h1632
=CAT  \\$aBATCH-UPD$b00$c20160606$lBLL01$h1635
=CAT  \\$aW1610-0368$c20161006$lBLL01$h0938
=CAT  \\$aW1606-1753$c20171028$lBLL01$h1352
=CAT  \\$aW2011-1472$b00$c20201127$lBLL01$h1833
=FIN  \\$aY$d20130610
=LAS  \\$aW2011-1472$b00$c20201127$lBLL01$h1833

