=LDR  01974 gm a2200505uu 4500
=001  016428319
=003  Uk
=005  20201127183328.0
=008  100813s1996\\\\xx\|||\|||||||||||mleng\d
=FMT  \\$a  VM
=035  \\$aASP764970/ant1
=245  00$aMystic Vision, Sacred Art
=260  \\$aWatertown, MA$bDocumentary Educational Resources (DER)$c1996
=306  \\$a28 minutes
=490  0\$aEthnographic Video Online, Volume 1
=505  00$aThis documentary provides an excellent introduction to the art of thangka, sacred Tibetan Buddhist painting in the Kathmandu Valley of Nepal. Carefully filmed, it takes you through every step of the painting process of thangkas.
=546  \\$aIn English
=650  04$aTibetan
=650  \4$aReligious rites and ceremonies
=650  \4$aReligious beliefs
=650  \4$aBuddhism
=650  \4$aReligious artifacts
=650  \4$aPaintings
=650  \4$aPainting
=700  1\$aKaufman, Anne$4aut
=700  1\$aGurung, Raju$4drt
=700  1\$aGiano$4oth
=700  1\$aMokten, Karma$4oth
=700  1\$aTharkela$4oth
=700  1\$aDavis, Christopher.$4nrt
=700  1\$aRai, Sareena$4nrt
=773  0\$dWatertown, MA : Documentary Educational Resources (DER), 1996
=856  40$uhttp://www.aspresolver.com/aspresolver.asp?ANTH;764970$yAlexander Street Press Ethnographic Video Online
=859  \\$aORR$bAlexander Street Press
=883  0\$aLanguage codes assigned by Bayesian analysis of words present in record$d20201028$qUk$c0.9010
=985  \\$aUpgraded by BSS-generated file for WR2011-1472
=CAT  \\$aWR13_071$b00$c20130610$lBLL01$h1613
=CAT  \\$aBATCH$b00$c20130610$lBLL01$h1613
=CAT  \\$aWR16_088$c20160606$lBLL01$h1632
=CAT  \\$aBATCH-UPD$b00$c20160606$lBLL01$h1635
=CAT  \\$aW1610-0368$c20161006$lBLL01$h0938
=CAT  \\$aW1606-1753$c20171028$lBLL01$h1352
=CAT  \\$aW2011-1472$b00$c20201127$lBLL01$h1833
=FIN  \\$aY$d20130610
=LAS  \\$aW2011-1472$b00$c20201127$lBLL01$h1833

