=LDR  01926 gm a2200493uu 4500
=001  016428321
=003  Uk
=005  20201127183328.0
=008  100813s1975\\\\xx\|||\|||||||||||mleng\d
=FMT  \\$a  VM
=035  \\$aASP764974/ant1
=245  00$aMyth of Naro as Told by Kąobawä
=260  \\$aWatertown, MA$bDocumentary Educational Resources (DER)$c1975
=306  \\$a22 minutes
=490  0\$aEthnographic Video Online, Volume 1
=505  00$aThis film presents a version of a myth, different from the Myth of Naro as Told by Dedeheiwa, in narrative detail and also in the individual raconteur's style.
=546  \\$aIn English
=650  04$aYanomamö
=650  \4$aStorytelling
=650  \4$aTribal and national groups
=650  \4$aCultural identity
=650  \4$aMyths and legends
=650  \4$aTraditional history
=700  1\$aAsch, Timothy.$4pro
=700  1\$aChagnon, Napoleon$4pro
=700  1\$aChagnon, Napoleon$4aut
=700  1\$aAsch, Timothy.$4drt
=700  1\$aChagnon, Napoleon$4drt
=700  1\$aKąobawä$4oth
=700  1\$aChagnon, Napoleon$4nrt
=773  0\$dWatertown, MA : Documentary Educational Resources (DER), 1975
=856  40$uhttp://www.aspresolver.com/aspresolver.asp?ANTH;764974$yAlexander Street Press Ethnographic Video Online
=859  \\$aORR$bAlexander Street Press
=883  0\$aLanguage codes assigned by Bayesian analysis of words present in record$d20201028$qUk$c0.9010
=985  \\$aUpgraded by BSS-generated file for WR2011-1472
=CAT  \\$aWR13_071$b00$c20130610$lBLL01$h1613
=CAT  \\$aBATCH$b00$c20130610$lBLL01$h1613
=CAT  \\$aWR16_088$c20160606$lBLL01$h1632
=CAT  \\$aBATCH-UPD$b00$c20160606$lBLL01$h1635
=CAT  \\$aW1610-0368$c20161006$lBLL01$h0938
=CAT  \\$aW1606-1753$c20171028$lBLL01$h1352
=CAT  \\$aW2011-1472$b00$c20201127$lBLL01$h1833
=FIN  \\$aY$d20130610
=LAS  \\$aW2011-1472$b00$c20201127$lBLL01$h1833

