=LDR  02190 gm a2200541uu 4500
=001  016428322
=003  Uk
=005  20201127183328.0
=008  100813s2003\\\\xx\|||\|||||||||||mleng\d
=FMT  \\$a  VM
=035  \\$aASP764980/ant1
=245  00$aNaata (The Bond)
=260  \\$aWatertown, MA$bDocumentary Educational Resources (DER)$c2003
=306  \\$a45 minutes
=490  0\$aEthnographic Video Online, Volume 1
=505  00$aFriends and activists, Bhau Korde and Waqar Khan, work with neighborhood peace committees in Dharavi, Mumbai to promote conflict resolution through the collective production and use of visual media. Korde and Khan are both long-time residents of Dharavi and both first-generation migrants to the city.
=546  \\$aIn English, Hindi, Subtitles in English
=650  04$aIndian
=650  \4$aEconomics
=650  \4$aSocial activists
=650  \4$aSlums
=650  \4$aCity life
=650  \4$aImmigration and emigration
=650  \4$aReligion
=700  1\$aJayasankar, K. P.$4pro
=700  1\$aMonteiro, Anjali.$4pro
=700  1\$aJayasankar, K. P.$4aut
=700  1\$aMonteiro, Anjali.$4aut
=700  1\$aJayasankar, K. P.$4drt
=700  1\$aMonteiro, Anjali.$4drt
=700  1\$aJayasankar, K. P.$4oth
=700  1\$aKhan, Waqar$4oth
=700  1\$aKorde, Bhau$4oth
=700  1\$aMonteiro, Anjali.$4oth
=773  0\$dWatertown, MA : Documentary Educational Resources (DER), 2003
=856  40$uhttp://www.aspresolver.com/aspresolver.asp?ANTH;764980$yAlexander Street Press Ethnographic Video Online
=859  \\$aORR$bAlexander Street Press
=883  0\$aLanguage codes assigned by Bayesian analysis of words present in record$d20201028$qUk$c0.9010
=985  \\$aUpgraded by BSS-generated file for WR2011-1472
=CAT  \\$aWR13_071$b00$c20130610$lBLL01$h1613
=CAT  \\$aBATCH$b00$c20130610$lBLL01$h1613
=CAT  \\$aBATCH-UPD$b00$c20150916$lBLL01$h2033
=CAT  \\$aWR16_088$c20160606$lBLL01$h1632
=CAT  \\$aW1610-0368$c20161006$lBLL01$h0938
=CAT  \\$aW1606-1753$c20171028$lBLL01$h1352
=CAT  \\$aW2011-1472$b00$c20201127$lBLL01$h1833
=FIN  \\$aY$d20130610
=LAS  \\$aW2011-1472$b00$c20201127$lBLL01$h1833

