=LDR  02047 gm a2200517uu 4500
=001  016428323
=003  Uk
=005  20201127183328.0
=008  100813s1980\\\\xx\|||\|||||||||||mleng\d
=FMT  \\$a  VM
=035  \\$aASP764976/ant1
=245  00$aN!ai, The Story of a !Kung Woman
=260  \\$aNamibia, Tsumkwe, Namibia$bDocumentary Educational Resources (DER)$c1980
=306  \\$a59 minutes
=490  0\$aEthnographic Video Online, Volume 1
=505  00$aThis film provides a broad overview of Ju/'hoan life, both past and present, and an intimate portrait of N!ai, a Ju/'hoan woman who in 1978 was in her mid-thirties.
=546  \\$aIn Ju/'hoan, English
=650  04$aJu/'hoansi
=650  04$a!Kung
=650  \4$aKin relationships
=650  \4$aCommunities
=650  \4$aCultural change and history
=650  \4$aCultural identity
=650  \4$aWomen
=650  \4$aTribal and national groups
=650  \4$aDaily life
=700  1\$aMarshall, John,$d1932-2005$4pro
=700  1\$aMarshall, John,$d1932-2005$4aut
=700  1\$aMarshall, John,$d1932-2005$4drt
=700  1\$aBoo, /Kunta [Gunda]$4oth
=700  1\$aKommtsa, N!ae$4oth
=773  0\$dNamibia, Tsumkwe, Namibia : Documentary Educational Resources (DER), 1980
=856  40$uhttp://www.aspresolver.com/aspresolver.asp?ANTH;764976$yAlexander Street Press Ethnographic Video Online
=859  \\$aORR$bAlexander Street Press
=883  0\$aLanguage codes assigned by Bayesian analysis of words present in record$d20201028$qUk$c0.9010
=985  \\$aUpgraded by BSS-generated file for WR2011-1472
=CAT  \\$aWR13_071$b00$c20130610$lBLL01$h1613
=CAT  \\$aBATCH$b00$c20130610$lBLL01$h1613
=CAT  \\$a7416$b40$c20150203$lBLL01$h1147
=CAT  \\$aBATCH-UPD$b40$c20150203$lBLL01$h1148
=CAT  \\$aWR16_088$c20160606$lBLL01$h1632
=CAT  \\$aW1610-0368$c20161006$lBLL01$h0938
=CAT  \\$aW1606-1753$c20171028$lBLL01$h1352
=CAT  \\$aW2011-1472$b00$c20201127$lBLL01$h1833
=FIN  \\$aY$d20130610
=LAS  \\$aW2011-1472$b00$c20201127$lBLL01$h1833

