=LDR  01536cgm a2200445uu 4500
=001  016428325
=003  Uk
=005  20201127183328.0
=008  100813s1922\\\\xx\|||\|||||||||||mleng\d
=FMT  \\$a  VM
=035  \\$aASP873484/ant1
=245  00$aNanook of the North
=260  \\$aInukjuak, QC$bPathépicture$c1922
=306  \\$a78 minutes
=490  0\$aEthnographic Video Online, Volume 1
=505  00$aInuit
=650  \4$aHunting
=650  \4$aDaily life
=650  \4$aFamily
=650  \4$aTrade
=650  \4$aTribal and national groups
=700  1\$aFlaherty, Robert J.$4pro
=700  1\$aFlaherty, Robert J.$4aut
=700  1\$aFlaherty, Robert J.$4drt
=700  1\$aAllakariallak$4oth
=700  0\$aNyla.$4oth
=773  0\$dInukjuak, QC : Pathépicture, 1922
=856  40$uhttp://www.aspresolver.com/aspresolver.asp?ANTH;873484$yAlexander Street Press Ethnographic Video Online
=859  \\$aORR$bAlexander Street Press
=883  0\$aLanguage codes assigned by Bayesian analysis of words present in record$d20201028$qUk$c0.9010
=985  \\$aUpgraded by BSS-generated file for WR2011-1472
=CAT  \\$aWR13_071$b00$c20130610$lBLL01$h1613
=CAT  \\$aBATCH$b00$c20130610$lBLL01$h1613
=CAT  \\$aWR16_088$c20160606$lBLL01$h1632
=CAT  \\$aW1610-0368$c20161006$lBLL01$h0938
=CAT  \\$aW1606-1753$c20171028$lBLL01$h1352
=CAT  \\$aW2011-1472$b00$c20201127$lBLL01$h1833
=CAT  \\$aBATCH-UPD$b00$c20211119$lBLL01$h2018
=FIN  \\$aY$d20130610
=LAS  \\$aBATCH-UPD$b00$c20211119$lBLL01$h2018

