=LDR  02290 gm a2200601uu 4500
=001  016428326
=003  Uk
=005  20201127183328.0
=008  100813s1993\\\\xx\|||\|||||||||||mleng\d
=FMT  \\$a  VM
=035  \\$aASP765422/ant1
=245  00$aThe Nature of the Beast
=260  \\$aWatertown, MA$bDocumentary Educational Resources (DER)$c1993
=306  \\$a60 minutes
=490  0\$aEthnographic Video Online, Volume 1
=505  00$aThe Nature of the Beast explores the life and case of a woman, Bonnie Jean Foreshaw, who was subjected to years of abuse, as a child and in three separate marriages. At the age of thirty-eight, Ms Foreshaw was found guilty of first degree murder.
=546  \\$aIn English
=650  04$aAfrican American
=650  04$aAmerican
=650  \4$aJustice
=650  \4$aShootings
=650  \4$aDomestic violence
=650  \4$aSpousal abuse
=650  \4$aTrials
=650  \4$aPrisoners
=700  1\$aSmith, Peter Conolly$4pro
=700  1\$aTimoner, David$4pro
=700  1\$aTimoner, Ondi.$4pro
=700  1\$aTimoner, Ondi.$4aut
=700  1\$aTimoner, Ondi.$4drt
=700  1\$aCook, Mark.$4oth
=700  1\$aForeshaw, Bonnie Jean$4oth
=700  1\$aGrayson, Donald.$4oth
=700  1\$aGreen, Sylvia.$4oth
=700  1\$aKumnick, Stephen$4oth
=700  1\$aPrice, Ann.$4oth
=700  1\$aWerblin, Mary$4oth
=700  1\$aWilliams, John.$4oth
=773  0\$dWatertown, MA : Documentary Educational Resources (DER), 1993
=856  40$uhttp://www.aspresolver.com/aspresolver.asp?ANTH;765422$yAlexander Street Press Ethnographic Video Online
=859  \\$aORR$bAlexander Street Press
=883  0\$aLanguage codes assigned by Bayesian analysis of words present in record$d20201028$qUk$c0.9010
=985  \\$aUpgraded by BSS-generated file for WR2011-1472
=CAT  \\$aWR13_071$b00$c20130610$lBLL01$h1613
=CAT  \\$aBATCH$b00$c20130610$lBLL01$h1613
=CAT  \\$aBATCH-UPD$b00$c20141222$lBLL01$h1919
=CAT  \\$aWR16_088$c20160606$lBLL01$h1632
=CAT  \\$aBATCH-UPD$b00$c20160606$lBLL01$h1635
=CAT  \\$aW1610-0368$c20161006$lBLL01$h0938
=CAT  \\$aW1606-1753$c20171028$lBLL01$h1352
=CAT  \\$aW2011-1472$b00$c20201127$lBLL01$h1833
=FIN  \\$aY$d20130610
=LAS  \\$aW2011-1472$b00$c20201127$lBLL01$h1833

