=LDR  02887 gm a2200529uu 4500
=001  016428327
=003  Uk
=005  20201127183328.0
=008  100813s9999\\\\xx\|||\|||||||||||mleng\d
=FMT  \\$a  VM
=035  \\$aASP1689370/ant1
=245  00$aNavajo Warriors: The Great Secret
=260  \\$aNew York, NY$bFilmakers Library
=306  \\$a50 minutes
=490  0\$aEthnographic Video Online, Volume 1
=505  00$aThe famous Navajo Code Talkers, memorialized by Hollywood in the feature film "Windtalkers," were an integral part of the armed forces during World War II. Navajo veterans who fought in the Pacific in World War II, used their unwritten Native American tongue as an unbreakable code language, essential in the American military intelligence machine. Richard West, President, Museum of the American Indian, says, "Ironically, the U.S. military used the Native American language as a potent instrument of war although the government had prohibited [native] people from speaking their own language for almost a century." Successive generations of young Navajo men who fought in the elite division of the U.S. Marine Corps, relate their stories in this film. Vincent and his brother enlisted in the 1970's; his brother died in Vietnam. Benjamin, Calbert and Michael are currently training as Marines in San Diego. The film reveals how their strong Navajo cultural identity and spiritual references correlated with traditional Marine Corps values and a passionate patriotism.
=546  \\$aIn English, Navajo, Subtitles in English
=650  04$aNavajo
=650  \4$aSoldiers
=650  \4$aWar
=650  \4$aCoded messages
=650  \4$aAmerican Indian languages
=650  \4$aEnlistments
=700  1\$aLuchack, Allysson$4pro
=700  1\$aPriou, Emmanuel.$4pro
=700  1\$aViotte, Michel.$4aut
=700  1\$aViotte, Michel.$4drt
=700  1\$aBegay, Thomas H.$4oth
=700  1\$aBernstein, Alison$4oth
=700  1\$aHawthorne, Roy O.$4oth
=700  1\$aWade, Edwin$4oth
=700  1\$aWest, Richard.$4oth
=700  1\$aDeCespedes, Luis$4nrt
=773  0\$dNew York, NY : Filmakers Library
=856  40$uhttp://www.aspresolver.com/aspresolver.asp?ANTH;1689370$yAlexander Street Press Ethnographic Video Online
=859  \\$aORR$bAlexander Street Press
=883  0\$aLanguage codes assigned by Bayesian analysis of words present in record$d20201028$qUk$c0.9010
=985  \\$aUpgraded by BSS-generated file for WR2011-1472
=CAT  \\$aWR13_071$b00$c20130610$lBLL01$h1613
=CAT  \\$aBATCH$b00$c20130610$lBLL01$h1613
=CAT  \\$aWR16_088$c20160606$lBLL01$h1632
=CAT  \\$aBATCH-UPD$b00$c20160606$lBLL01$h1635
=CAT  \\$aW1610-0368$c20161006$lBLL01$h0938
=CAT  \\$aW1606-1753$c20171028$lBLL01$h1352
=CAT  \\$aW2011-1472$b00$c20201127$lBLL01$h1833
=FIN  \\$aY$d20130610
=LAS  \\$aW2011-1472$b00$c20201127$lBLL01$h1833

