=LDR  01970 gm a2200457uu 4500
=001  016428328
=003  Uk
=005  20201127183328.0
=008  100813s2005\\\\xx\|||\|||||||||||mleng\d
=FMT  \\$a  VM
=035  \\$aASP764986/ant1
=245  00$aNavakalevar (New Embodiment)
=260  \\$aWatertown, MA$bDocumentary Educational Resources (DER)$c2005
=306  \\$a49 minutes
=490  0\$aEthnographic Video Online, Volume 1
=505  00$aIn Orissa on the eastern coast of India, the temple of Jagannath in Puri is an ancient center of pilgrimage for Hindus. Over the centuries, they have flocked there for the worship of Vishnu in the form of Jagannath, Lord of the Universe, seated in the temple with his brother Balabhadra and sister Subhadra.
=546  \\$aIn English, Oriya, Subtitles in English
=650  04$aIndian
=650  \4$aWoodworking
=650  \4$aTrees
=650  \4$aReligious festivals
=650  \4$aHinduism
=650  \4$aReligious rites and ceremonies
=700  1\$aMisra, Prithwiraj.$4pro
=700  1\$aMisra, Prithwiraj.$4aut
=700  1\$aMisra, Prithwiraj.$4drt
=700  1\$aSethi, Arshiya.$4nrt
=773  0\$dWatertown, MA : Documentary Educational Resources (DER), 2005
=856  40$uhttp://www.aspresolver.com/aspresolver.asp?ANTH;764986$yAlexander Street Press Ethnographic Video Online
=859  \\$aORR$bAlexander Street Press
=883  0\$aLanguage codes assigned by Bayesian analysis of words present in record$d20201028$qUk$c0.9010
=985  \\$aUpgraded by BSS-generated file for WR2011-1472
=CAT  \\$aWR13_071$b00$c20130610$lBLL01$h1613
=CAT  \\$aBATCH$b00$c20130610$lBLL01$h1613
=CAT  \\$aWR16_088$c20160606$lBLL01$h1632
=CAT  \\$aBATCH-UPD$b00$c20160606$lBLL01$h1635
=CAT  \\$aW1610-0368$c20161006$lBLL01$h0938
=CAT  \\$aW1606-1753$c20171028$lBLL01$h1352
=CAT  \\$aW2011-1472$b00$c20201127$lBLL01$h1833
=FIN  \\$aY$d20130610
=LAS  \\$aW2011-1472$b00$c20201127$lBLL01$h1833

