=LDR  02212 gm a2200529uu 4500
=001  016428329
=003  Uk
=005  20201127183328.0
=008  100813s1983\\\\xx\|||\|||||||||||mleng\d
=FMT  \\$a  VM
=035  \\$aASP765424/ant1
=245  00$aThe Navigators: Pathfinders of the Pacific
=260  \\$aWatertown, MA$bDocumentary Educational Resources (DER)$c1983
=306  \\$a110 minutes
=490  0\$aEthnographic Video Online, Volume 1
=505  00$aRecorded in 1976
=520  3\$aOver 1,000 years ago, the islands of Polynesia were explored and settled by navigators who used only the waves, the stars, and the flights of birds for guidance. In hand-built, double-hulled canoes sixty feet long, the ancestors of today's Polynesians sailed across a vast ocean area, larger than Europe and North America combined.
=546  \\$aIn English
=650  04$aMicronesian
=650  \4$aPacific Islander ethnic groups
=650  \4$aCultural change and history
=650  \4$aInnovation and invention
=650  \4$aOcean voyages
=650  \4$aTribal and national groups
=650  \4$aRural population
=650  \4$aEthnosociology
=650  \4$aCanoes and kayaks
=700  1\$aLow, Sanford$4pro
=700  1\$aLow, Sanford$4aut
=700  1\$aEstus, Boyd.$4drt
=700  1\$aLow, Sanford$4drt
=700  1\$aPiailug, Mau.$4oth
=700  1\$aGochman, Len.$4nrt
=773  0\$dWatertown, MA : Documentary Educational Resources (DER), 1983
=856  40$uhttp://www.aspresolver.com/aspresolver.asp?ANTH;765424$yAlexander Street Press Ethnographic Video Online
=859  \\$aORR$bAlexander Street Press
=883  0\$aLanguage codes assigned by Bayesian analysis of words present in record$d20201028$qUk$c0.9010
=985  \\$aUpgraded by BSS-generated file for WR2011-1472
=CAT  \\$aWR13_071$b00$c20130610$lBLL01$h1613
=CAT  \\$aBATCH$b00$c20130610$lBLL01$h1613
=CAT  \\$aBATCH-UPD$b00$c20160408$lBLL01$h2050
=CAT  \\$aWR16_088$c20160606$lBLL01$h1632
=CAT  \\$aW1610-0368$c20161006$lBLL01$h0938
=CAT  \\$aW1606-1753$c20171028$lBLL01$h1352
=CAT  \\$aW2011-1472$b00$c20201127$lBLL01$h1833
=FIN  \\$aY$d20130610
=LAS  \\$aW2011-1472$b00$c20201127$lBLL01$h1833

