=LDR  02329 gm a2200457uu 4500
=001  016428330
=003  Uk
=005  20201127183328.0
=008  100813s9999\\\\xx\|||\|||||||||||mleng\d
=FMT  \\$a  VM
=035  \\$aASP1689372/ant1
=245  00$aNdebele Women
=260  \\$aNew York, NY$bFilmakers Library
=306  \\$a51 minutes
=490  0\$aEthnographic Video Online, Volume 1
=505  00$aThe Ndebele women are known throughout the world for their vivid and multi faceted art forms, especially the colorful embellishment of their houses. Their arid land is pierced with blocks of color, each dwelling singular in a stylized way. Their resplendent clothing also boldly proclaims their identity. This unique film also explores Ndebele rituals never shown on film before. We see their fertility rites, a celebration that bonds them to their ancestral tradition. Ndebele performance art shows how traditional forms of expression can become a vehicle for political empowerment today. Nelson Mandela referred to the Ndebele as a "Rainbow People." Despite a history of racial oppression, forced removal from their ancestral land and economic privation, their pride and sense of joy has endured.
=546  \\$aIn English
=650  04$aNdebele
=650  \4$aAdulthood
=650  \4$aGender roles
=650  \4$aWomen
=650  \4$aVisual Art
=650  \4$aHouses
=700  1\$aLubbock, Shelagh$4pro
=700  1\$aBeynon, Richard.$4aut
=700  1\$aLilienfeld, Kelly.$4aut
=700  1\$aRichard, Michael.$4nrt
=773  0\$dNew York, NY : Filmakers Library
=856  40$uhttp://www.aspresolver.com/aspresolver.asp?ANTH;1689372$yAlexander Street Press Ethnographic Video Online
=859  \\$aORR$bAlexander Street Press
=883  0\$aLanguage codes assigned by Bayesian analysis of words present in record$d20201028$qUk$c0.9010
=985  \\$aUpgraded by BSS-generated file for WR2011-1472
=CAT  \\$aWR13_071$b00$c20130610$lBLL01$h1613
=CAT  \\$aBATCH$b00$c20130610$lBLL01$h1613
=CAT  \\$aWR16_088$c20160606$lBLL01$h1632
=CAT  \\$aBATCH-UPD$b00$c20160606$lBLL01$h1635
=CAT  \\$aW1610-0368$c20161006$lBLL01$h0938
=CAT  \\$aW1606-1753$c20171028$lBLL01$h1352
=CAT  \\$aW2011-1472$b00$c20201127$lBLL01$h1833
=FIN  \\$aY$d20130610
=LAS  \\$aW2011-1472$b00$c20201127$lBLL01$h1833

