=LDR  01812 gm a2200457uu 4500
=001  016428331
=003  Uk
=005  20201127183328.0
=008  100813s1992\\\\xx\|||\|||||||||||mleng\d
=FMT  \\$a  VM
=035  \\$aASP764988/ant1
=245  00$aNeighborhood Tokyo
=260  \\$aWatertown, MA$bDocumentary Educational Resources (DER)$c1992
=306  \\$a30 minutes
=490  0\$aEthnographic Video Online, Volume 1
=505  00$aMiyamoto-cho is a community of Mom-and-Pop stores and family enterprises located near the center of Tokyo. Competition from supermarkets and shopping centers threatens the livelihoods of long-term residents.
=546  \\$aIn English
=650  04$aJapanese
=650  \4$aAssociations and organizations
=650  \4$aFestivals
=650  \4$aUrban population
=650  \4$aCultural change and history
=650  \4$aShops
=650  \4$aCities
=700  1\$aIkeda, Hajime$4pro
=700  1\$aBestor, Theodore C.$4aut
=700  1\$aIkeda, Hajime$4drt
=700  1\$aBestor, Theodore C.$4nrt
=773  0\$dWatertown, MA : Documentary Educational Resources (DER), 1992
=856  40$uhttp://www.aspresolver.com/aspresolver.asp?ANTH;764988$yAlexander Street Press Ethnographic Video Online
=859  \\$aORR$bAlexander Street Press
=883  0\$aLanguage codes assigned by Bayesian analysis of words present in record$d20201028$qUk$c0.9010
=985  \\$aUpgraded by BSS-generated file for WR2011-1472
=CAT  \\$aWR13_071$b00$c20130610$lBLL01$h1613
=CAT  \\$aBATCH$b00$c20130610$lBLL01$h1613
=CAT  \\$aWR16_088$c20160606$lBLL01$h1632
=CAT  \\$aW1610-0368$c20161006$lBLL01$h0938
=CAT  \\$aW1606-1753$c20171028$lBLL01$h1352
=CAT  \\$aW2011-1472$b00$c20201127$lBLL01$h1833
=FIN  \\$aY$d20130610
=LAS  \\$aW2011-1472$b00$c20201127$lBLL01$h1833

