=LDR  02027 gm a2200493uu 4500
=001  016428333
=003  Uk
=005  20201127183329.0
=008  100813s1989\\\\xx\|||\|||||||||||mleng\d
=FMT  \\$a  VM
=035  \\$aASP764990/ant1
=245  00$aNew England Fiddles
=260  \\$aWatertown, MA$bDocumentary Educational Resources (DER)$c1989
=306  \\$a28 minutes
=490  0\$aEthnographic Video Online, Volume 1
=505  00$aSince colonial times, the fiddle has enjoyed a primary place in American traditional music. Playing the fiddle is both intensely personal and an expression of cultural aesthetics. The fiddler provides the spirit and music for dances which are important elements for community cohesion.
=546  \\$aIn English
=650  04$aAmerican
=650  \4$aMusicians
=650  \4$aFolk music
=650  \4$aCultural identity
=700  1\$aBishop, John Melville.$4aut
=700  1\$aBishop, John Melville.$4drt
=700  1\$aCormier, Joe$4oth
=700  1\$aCronin, Paddy.$4oth
=700  1\$aGuillemette, Ben.$4oth
=700  1\$aGuillette, Wilfred.$4oth
=700  1\$aLuce, Harold.$4oth
=700  1\$aRobichaud, Jerry$4oth
=700  1\$aWest, Ron.$4oth
=773  0\$dWatertown, MA : Documentary Educational Resources (DER), 1989
=856  40$uhttp://www.aspresolver.com/aspresolver.asp?ANTH;764990$yAlexander Street Press Ethnographic Video Online
=859  \\$aORR$bAlexander Street Press
=883  0\$aLanguage codes assigned by Bayesian analysis of words present in record$d20201028$qUk$c0.9010
=985  \\$aUpgraded by BSS-generated file for WR2011-1472
=CAT  \\$aWR13_071$b00$c20130610$lBLL01$h1613
=CAT  \\$aBATCH$b00$c20130610$lBLL01$h1613
=CAT  \\$aWR16_088$c20160606$lBLL01$h1632
=CAT  \\$aBATCH-UPD$b00$c20160606$lBLL01$h1635
=CAT  \\$aW1610-0368$c20161006$lBLL01$h0938
=CAT  \\$aW1606-1753$c20171028$lBLL01$h1352
=CAT  \\$aW2011-1472$b00$c20201127$lBLL01$h1833
=FIN  \\$aY$d20130610
=LAS  \\$aW2011-1472$b00$c20201127$lBLL01$h1833

