=LDR  02972 gm a2200469uu 4500
=001  016428334
=003  Uk
=005  20201127183329.0
=008  100813s9999\\\\xx\|||\|||||||||||mleng\d
=FMT  \\$a  VM
=035  \\$aASP1879767/ant1
=245  00$aNew Images
=260  \\$aLondon, UK$bRoyal Anthropological Institute
=306  \\$a25 minutes
=490  0\$aEthnographic Video Online, Volume 1
=505  00$aThe film is a brief description of life in a busy commercial centre that still depends upon and retains its ancient traditions. These are based on the history of the town which was founded on the banks of the river Oshun. This river itself is one of the most important river deities of the Yoruba whose cults spread even as far as Brazil. Aduni Susanne Wenger, a chief priestess of the Obatala cult, is shown rebuilding the once neglected Oshun shrine, with her fellow artists, Adebisi Akanji, OyeWale and Lani. The Beiers show how art based on traditional pagan religion forms the foundation of the modern movement. How painters and sculptors have responded to exposure to modern techniques intelligently and sensitively introduced by Georgina Beier. Oshogbo's vibrant artistic life owes much to the founding of the Mbari Mbayo club by Duro Ladipo, also enthusiastically supported by Twins Seven Seven and Ogunmola. Many of Nigeria's world-renowned artists, play-writes and musicians have passed through Mbari Mbayo's doors. The club also distinguished its self by organizing the exhibition of art from other African regions - something that Ulli Beier was particularly keen to promote. This film presents a unique view of the vibrant, creative life typical of many Yoruba centres during this period. "Yoruba tradition is a living Force"
=546  \\$aIn English, Subtitles in English
=650  04$aNigerian
=650  \4$aArt exhibitions
=650  \4$aCreativity
=650  \4$aArt occupations
=650  \4$aVisual artists
=650  \4$aArt
=650  \4$aReligious rites and ceremonies
=650  \4$aBusiness districts
=700  1\$aBeier, Georgina$4drt
=700  1\$aBeier, Ulli.$4drt
=700  1\$aSpeed, Frank$4drt
=773  0\$dLondon, UK : Royal Anthropological Institute
=856  40$uhttp://www.aspresolver.com/aspresolver.asp?ANTH;1879767$yAlexander Street Press Ethnographic Video Online
=859  \\$aORR$bAlexander Street Press
=883  0\$aLanguage codes assigned by Bayesian analysis of words present in record$d20201028$qUk$c0.9010
=985  \\$aUpgraded by BSS-generated file for WR2011-1472
=CAT  \\$aWR13_071$b00$c20130610$lBLL01$h1613
=CAT  \\$aBATCH$b00$c20130610$lBLL01$h1613
=CAT  \\$aWR16_088$c20160606$lBLL01$h1632
=CAT  \\$aBATCH-UPD$b00$c20160606$lBLL01$h1635
=CAT  \\$aW1610-0368$c20161006$lBLL01$h0938
=CAT  \\$aW1606-1753$c20171028$lBLL01$h1352
=CAT  \\$aW2011-1472$b00$c20201127$lBLL01$h1833
=FIN  \\$aY$d20130610
=LAS  \\$aW2011-1472$b00$c20201127$lBLL01$h1833

