=LDR  01797 gm a2200421uu 4500
=001  016428336
=003  Uk
=005  20201127183329.0
=008  100813s2003\\\\xx\|||\|||||||||||mleng\d
=FMT  \\$a  VM
=035  \\$aASP764996/ant1
=245  00$aNew World Monkeys
=260  \\$aWatertown, MA$bDocumentary Educational Resources (DER)$c2003
=306  \\$a47 minutes
=490  0\$aEthnographic Video Online, Volume 1
=505  00$aThis program is designed to introduce Primatology students to the range of monkeys of the Super family Ceboidea originating from Central and South America. Material on twenty -two species is included, covering all five of the families recently defined by the International Union for the Conservation of Nature.
=546  \\$aIn English
=650  \4$aMonkeys
=650  \4$aZoology
=650  \4$aBiology
=650  \4$aPrimates
=700  1\$aZeller, Anne.$4aut
=700  1\$aZeller, Anne.$4drt
=700  1\$aZeller, Anne.$4nrt
=773  0\$dWatertown, MA : Documentary Educational Resources (DER), 2003
=856  40$uhttp://www.aspresolver.com/aspresolver.asp?ANTH;764996$yAlexander Street Press Ethnographic Video Online
=859  \\$aORR$bAlexander Street Press
=883  0\$aLanguage codes assigned by Bayesian analysis of words present in record$d20201028$qUk$c0.9010
=985  \\$aUpgraded by BSS-generated file for WR2011-1472
=CAT  \\$aWR13_071$b00$c20130610$lBLL01$h1613
=CAT  \\$aBATCH$b00$c20130610$lBLL01$h1613
=CAT  \\$aWR16_088$c20160606$lBLL01$h1632
=CAT  \\$aBATCH-UPD$b00$c20160606$lBLL01$h1635
=CAT  \\$aW1610-0368$c20161006$lBLL01$h0938
=CAT  \\$aW1606-1753$c20171028$lBLL01$h1352
=CAT  \\$aW2011-1472$b00$c20201127$lBLL01$h1833
=FIN  \\$aY$d20130610
=LAS  \\$aW2011-1472$b00$c20201127$lBLL01$h1833

