=LDR  01775 gm a2200433uu 4500
=001  016428337
=003  Uk
=005  20201127183329.0
=008  100813s2007\\\\xx\|||\|||||||||||mleng\d
=FMT  \\$a  VM
=035  \\$aASP1779522/ant1
=245  00$aNew Zealand: The Land of the Long White Cloud
=260  \\$aCopenhagen, Denmark$bDanish Broadcasting Corporation$c2007
=306  \\$a27 minutes
=490  0\$aEthnographic Video Online, Volume 1
=505  00$aEvery dawn in New Zealand seems to tell new legends. Concentrated in these islands are amazing and gorgeous landscapes, inaccessible fiords, uneven coasts - home to unique spe-cies like the Kiwi, the country's funny bird symbol.
=546  \\$aIn English
=650  04$aNew Zealander
=650  04$aMaori
=650  \4$aSheep
=650  \4$aHerders
=650  \4$aGeographical features
=650  \4$aBirds
=700  1\$aTarallo, Paolo.$4aut
=700  1\$aTarallo, Paolo.$4drt
=773  0\$dCopenhagen, Denmark : Danish Broadcasting Corporation, 2007
=856  40$uhttp://www.aspresolver.com/aspresolver.asp?ANTH;1779522$yAlexander Street Press Ethnographic Video Online
=859  \\$aORR$bAlexander Street Press
=883  0\$aLanguage codes assigned by Bayesian analysis of words present in record$d20201028$qUk$c0.9010
=985  \\$aUpgraded by BSS-generated file for WR2011-1472
=CAT  \\$aWR13_071$b00$c20130610$lBLL01$h1613
=CAT  \\$aBATCH$b00$c20130610$lBLL01$h1613
=CAT  \\$aWR16_088$c20160606$lBLL01$h1632
=CAT  \\$aBATCH-UPD$b00$c20160606$lBLL01$h1635
=CAT  \\$aW1610-0368$c20161006$lBLL01$h0938
=CAT  \\$aW1606-1753$c20171028$lBLL01$h1352
=CAT  \\$aW2011-1472$b00$c20201127$lBLL01$h1833
=FIN  \\$aY$d20130610
=LAS  \\$aW2011-1472$b00$c20201127$lBLL01$h1833

