=LDR  02505 gm a2200505uu 4500
=001  016428338
=003  Uk
=005  20201127183329.0
=008  100813s2009\\\\xx\|||\|||||||||||mleng\d
=FMT  \\$a  VM
=035  \\$aASP1779507/ant1
=245  00$aNgat is Dead
=260  \\$aWatertown, MA$bDocumentary Educational Resources (DER)$c2009
=306  \\$a62 minutes
=490  0\$aEthnographic Video Online, Volume 1
=505  00$aNGAT IS DEADSTUDYING MORTUARY TRADITIONSWhat do anthropologists mean when they claim to study the cultural traditions of others by participating in them?This film follows the Dutch anthropologist Ton Otto, who has been adopted by a family on Baluan Island in Papua New Guinea. Due to the death of his adoptive father, he has to take part in mortuary ceremonies, whose form and content are passionately contested by different groups of relatives.Through prolonged negotiations, Ton learns how Baluan people perform and transform their traditions and not least what role he plays himself. The film is part of long-term field research, in which filmmaking has become integrated in the ongoing dialogue and exchange between the islanders and the anthropologist.
=546  \\$aIn English
=650  04$aPapua New Guinean
=650  \4$aFamily
=650  \4$aReligious rites and ceremonies
=650  \4$aMourning
=650  \4$aCultural identity
=650  \4$aTribal and national groups
=650  \4$aBurial customs
=650  \4$aFunerals
=700  1\$aOtto, Ton.$4pro
=700  1\$aSuhr, Christian.$4pro
=700  1\$aOtto, Ton.$4aut
=700  1\$aOtto, Ton.$4drt
=700  1\$aSuhr, Christian.$4drt
=700  1\$aOtto, Ton.$4oth
=773  0\$dWatertown, MA : Documentary Educational Resources (DER), 2009
=856  40$uhttp://www.aspresolver.com/aspresolver.asp?ANTH;1779507$yAlexander Street Press Ethnographic Video Online
=859  \\$aORR$bAlexander Street Press
=883  0\$aLanguage codes assigned by Bayesian analysis of words present in record$d20201028$qUk$c0.9010
=985  \\$aUpgraded by BSS-generated file for WR2011-1472
=CAT  \\$aWR13_071$b00$c20130610$lBLL01$h1613
=CAT  \\$aBATCH$b00$c20130610$lBLL01$h1613
=CAT  \\$aWR16_088$c20160606$lBLL01$h1632
=CAT  \\$aBATCH-UPD$b00$c20160606$lBLL01$h1635
=CAT  \\$aW1610-0368$c20161006$lBLL01$h0938
=CAT  \\$aW1606-1753$c20171028$lBLL01$h1352
=CAT  \\$aW2011-1472$b00$c20201127$lBLL01$h1833
=FIN  \\$aY$d20130610
=LAS  \\$aW2011-1472$b00$c20201127$lBLL01$h1833

