=LDR  02328 gm a2200493uu 4500
=001  016428340
=003  Uk
=005  20201127183329.0
=008  100813s2007\\\\xx\|||\|||||||||||mleng\d
=FMT  \\$a  VM
=035  \\$aASP804271/ant1
=245  00$aNiilas Somby - Yoiking the Saamiland
=260  \\$aWatertown, MA$bDocumentary Educational Resources (DER)$c2007
=306  \\$a9 minutes
=490  0\$aEthnographic Video Online, Volume 1
=505  00$aMade for the United Nations, this documentary chronicles the logging damage that has taken place in the forests of Finnish Lapland over the past 50 years. Home to the indigenous Saami peoples, these Northern old growth forests are essential to Saami reindeer herding, a traditional way of life that the Saami hope to continue into future generations. Population growth in Finland has created economic pressure - prompting migration to the Saami lands in the North. The resulting forest cutting severely depletes the lichen necessary for free reindeer grazing, and logging infrastructure disrupts the entire forest ecosystem.
=546  \\$aIn English, Subtitles in English
=650  04$aFinnish
=650  04$aSaami
=650  \4$aProperty rights
=650  \4$aLogging
=650  \4$aSocial activists
=650  \4$aForests
=650  \4$aHerders
=650  \4$aCultural identity
=650  \4$aTribal and national groups
=650  \4$aCaribou
=700  1\$aHyvönen, Hannu$4aut
=700  1\$aHyvönen, Hannu$4drt
=700  1\$aSomby, Niilas$4oth
=700  1\$aThomasson, Rita$4nrt
=773  0\$dWatertown, MA : Documentary Educational Resources (DER), 2007
=856  40$uhttp://www.aspresolver.com/aspresolver.asp?ANTH;804271$yAlexander Street Press Ethnographic Video Online
=859  \\$aORR$bAlexander Street Press
=883  0\$aLanguage codes assigned by Bayesian analysis of words present in record$d20201028$qUk$c0.9010
=985  \\$aUpgraded by BSS-generated file for WR2011-1472
=CAT  \\$aWR13_071$b00$c20130610$lBLL01$h1613
=CAT  \\$aBATCH$b00$c20130610$lBLL01$h1613
=CAT  \\$aWR16_088$c20160606$lBLL01$h1632
=CAT  \\$aW1610-0368$c20161006$lBLL01$h0938
=CAT  \\$aW1606-1753$c20171028$lBLL01$h1352
=CAT  \\$aW2011-1472$b00$c20201127$lBLL01$h1833
=FIN  \\$aY$d20130610
=LAS  \\$aW2011-1472$b00$c20201127$lBLL01$h1833

