=LDR  01709 gm a2200445uu 4500
=001  016428341
=003  Uk
=005  20201127183329.0
=008  100813s1985\\\\xx\|||\|||||||||||mleng\d
=FMT  \\$a  VM
=035  \\$aASP764630/ant1
=245  00$aNine Cows and an Ox
=260  \\$aWatertown, MA$bDocumentary Educational Resources (DER)$c1985
=306  \\$a44 minutes
=490  0\$aEthnographic Video Online, Volume 1
=505  00$aThis final segment of the Diary depicts the ceremony known as the "ox of ilbaa," from which Miisia emerges, acknowledged as a man.
=546  \\$aIn English
=650  04$aMaasai
=650  \4$aCattle
=650  \4$aReligious rites and ceremonies
=650  \4$aCultural identity
=650  \4$aRural population
=650  \4$aHerders
=650  \4$aGender
=700  1\$aLlelewyn-Davies, Melissa$4aut
=700  1\$aLlelewyn-Davies, Melissa$4drt
=700  1\$aLlelewyn-Davies, Melissa$4oth
=773  0\$dWatertown, MA : Documentary Educational Resources (DER), 1985
=856  40$uhttp://www.aspresolver.com/aspresolver.asp?ANTH;764630$yAlexander Street Press Ethnographic Video Online
=859  \\$aORR$bAlexander Street Press
=883  0\$aLanguage codes assigned by Bayesian analysis of words present in record$d20201028$qUk$c0.9010
=985  \\$aUpgraded by BSS-generated file for WR2011-1472
=CAT  \\$aWR13_071$b00$c20130610$lBLL01$h1613
=CAT  \\$aBATCH$b00$c20130610$lBLL01$h1613
=CAT  \\$aWR16_088$c20160606$lBLL01$h1632
=CAT  \\$aW1610-0368$c20161006$lBLL01$h0938
=CAT  \\$aW1606-1753$c20171028$lBLL01$h1352
=CAT  \\$aW2011-1472$b00$c20201127$lBLL01$h1833
=FIN  \\$aY$d20130610
=LAS  \\$aW2011-1472$b00$c20201127$lBLL01$h1833

