=LDR  02834 gm a2200409uu 4500
=001  016428342
=003  Uk
=005  20201127183329.0
=008  100813s2009\\\\xx\|||\|||||||||||mleng\d
=FMT  \\$a  VM
=035  \\$aASP1784892/ant1
=245  00$aNo More Smoke Signals
=260  \\$aNew York, NY$bFilmakers Library$c2009
=306  \\$a89 minutes
=490  0\$aEthnographic Video Online, Volume 1
=520  3\$aKili Radio, the "Voice of the Lakota Nation," is broadcast out of a small wooden house in the vast countryside of South Dakota. There, people converge to speak to the community about daily concerns and in doing so, strengthen their sense of identity. Daily existence on America's poorest reservation is hard. We meet people like Roxanne Two Bulls, who's trying to start over again on the land of her ancestors after a difficult life nearly destroyed by alcoholism; and Bruce, the white lawyer who for thirty years has been trying to free an American Indian militant who's been fighting for equal rights for his people. Everything comes together at Kili Radio. Instead of sending smoke signals the radio station transmits its own signals across a vast and magnificent landscape with a delightful combination of humor and melancholy. We hear native hip hop and complaints about broken windshields. Some of their pride has been restored with the radio broadcast; the listeners now feel that it really is acceptable to be Lakota. After all, "Kili" means awesome in Lakota. As the young DJ Derrick Janis who is discovering his gift for music says: "We once were warriors, I like to think about that. Back in those days I'd be a warrior on a horse. But today, I'm a DJ on a hill." A film about the role of media, as well as an up-close look at present day life on the reservation.
=546  \\$aIn English
=650  04$aLakota
=650  \4$aIndian reservations
=650  \4$aRadio programs
=650  \4$aCultural identity
=650  \4$aTribal and national groups
=700  1\$aBräuning, Fanny.$4drt
=773  0\$dNew York, NY : Filmakers Library, 2009
=856  40$uhttp://www.aspresolver.com/aspresolver.asp?ANTH;1784892$yAlexander Street Press Ethnographic Video Online
=859  \\$aORR$bAlexander Street Press
=883  0\$aLanguage codes assigned by Bayesian analysis of words present in record$d20201028$qUk$c0.9010
=985  \\$aUpgraded by BSS-generated file for WR2011-1472
=CAT  \\$aWR13_071$b00$c20130610$lBLL01$h1613
=CAT  \\$aBATCH$b00$c20130610$lBLL01$h1613
=CAT  \\$aBATCH-UPD$b00$c20130610$lBLL01$h1622
=CAT  \\$aWR16_088$c20160606$lBLL01$h1632
=CAT  \\$aW1610-0368$c20161006$lBLL01$h0938
=CAT  \\$aW1606-1753$c20171028$lBLL01$h1352
=CAT  \\$aW2011-1472$b00$c20201127$lBLL01$h1833
=FIN  \\$aY$d20130610
=LAS  \\$aW2011-1472$b00$c20201127$lBLL01$h1833

