=LDR  01944 gm a2200469uu 4500
=001  016428344
=003  Uk
=005  20201127183329.0
=008  100813s2006\\\\xx\|||\|||||||||||mleng\d
=FMT  \\$a  VM
=035  \\$aASP765004/ant1
=245  00$aNothing To Lose
=260  \\$aWatertown, MA$bDocumentary Educational Resources (DER)$c2006
=306  \\$a21 minutes
=490  0\$aEthnographic Video Online, Volume 1
=505  00$aIn a culture obsessed with fat, there are groups of "fat activists" who attempt to change what they see as a fat-phobic world into a size-accepting world. These fat activists span the political and religious spectrum, yet come together around their commitment to ending "size discrimination."
=546  \\$aIn English
=650  04$aAmerican
=650  \4$aStereotypes
=650  \4$aObesity
=650  \4$aHuman body
=650  \4$aSocial activists
=700  1\$aChang, Robert.$4aut
=700  1\$aChang, Robert.$4drt
=700  1\$aBray, Andi$4oth
=700  1\$aSchaffer, Sandy$4oth
=700  1\$aSmith, Kimberly.$4oth
=773  0\$dWatertown, MA : Documentary Educational Resources (DER), 2006
=856  40$uhttp://www.aspresolver.com/aspresolver.asp?ANTH;765004$yAlexander Street Press Ethnographic Video Online
=859  \\$aORR$bAlexander Street Press
=883  0\$aLanguage codes assigned by Bayesian analysis of words present in record$d20201028$qUk$c0.9010
=985  \\$aUpgraded by BSS-generated file for WR2011-1472
=CAT  \\$aWR13_071$b00$c20130610$lBLL01$h1613
=CAT  \\$aBATCH$b00$c20130610$lBLL01$h1613
=CAT  \\$aWR16_088$c20160606$lBLL01$h1632
=CAT  \\$aBATCH-UPD$b00$c20160606$lBLL01$h1635
=CAT  \\$aBATCH-UPD$b00$c20160919$lBLL01$h2021
=CAT  \\$aW1610-0368$c20161006$lBLL01$h0938
=CAT  \\$aW1606-1753$c20171028$lBLL01$h1352
=CAT  \\$aW2011-1472$b00$c20201127$lBLL01$h1833
=FIN  \\$aY$d20130610
=LAS  \\$aW2011-1472$b00$c20201127$lBLL01$h1833

