=LDR  01946 gm a2200493uu 4500
=001  016428345
=003  Uk
=005  20201127183329.0
=008  100813s1971\\\\xx\|||\|||||||||||mleng\d
=FMT  \\$a  VM
=035  \\$aASP765426/ant1
=245  00$aThe Nuer
=260  \\$aWatertown, MA$bDocumentary Educational Resources (DER)$c1971
=306  \\$a73 minutes
=490  0\$aEthnographic Video Online, Volume 1
=505  00$aRecorded in 1968
=520  3\$aThe Nuer call themselves Naath. Only their immediate neighbors, the Dinka, Shilluk and Arabs, call them Nuer. Most foreigners, which includes those with whom the Nuer neither fought nor traded, are called Bar which means 'almost entirely cattleless'.
=546  \\$aIn English
=650  04$aNuer
=650  \4$aReligious beliefs
=650  \4$aRural population
=650  \4$aCultural identity
=650  \4$aCattle
=650  \4$aAgrarian life
=650  \4$aHerders
=700  1\$aGardner, Robert.$4pro
=700  1\$aHarris, Hilary.$4pro
=700  1\$aGardner, Robert.$4aut
=700  1\$aGardner, Robert.$4drt
=700  1\$aHarris, Hilary.$4drt
=773  0\$dWatertown, MA : Documentary Educational Resources (DER), 1971
=856  40$uhttp://www.aspresolver.com/aspresolver.asp?ANTH;765426$yAlexander Street Press Ethnographic Video Online
=859  \\$aORR$bAlexander Street Press
=883  0\$aLanguage codes assigned by Bayesian analysis of words present in record$d20201028$qUk$c0.9010
=985  \\$aUpgraded by BSS-generated file for WR2011-1472
=CAT  \\$aWR13_071$b00$c20130610$lBLL01$h1613
=CAT  \\$aBATCH$b00$c20130610$lBLL01$h1613
=CAT  \\$aWR16_088$c20160606$lBLL01$h1632
=CAT  \\$aBATCH-UPD$b00$c20160606$lBLL01$h1635
=CAT  \\$aW1610-0368$c20161006$lBLL01$h0938
=CAT  \\$aW1606-1753$c20171028$lBLL01$h1352
=CAT  \\$aW2011-1472$b00$c20201127$lBLL01$h1833
=FIN  \\$aY$d20130610
=LAS  \\$aW2011-1472$b00$c20201127$lBLL01$h1833

