=LDR  02192 gm a2200493uu 4500
=001  016428346
=003  Uk
=005  20201127183329.0
=008  100813s1993\\\\xx\|||\|||||||||||mleng\d
=FMT  \\$a  VM
=035  \\$aASP765006/ant1
=245  00$aNuhoniyeh: Our Story
=260  \\$aWatertown, MA$bDocumentary Educational Resources (DER)$c1993
=306  \\$a55 minutes
=490  0\$aEthnographic Video Online, Volume 1
=505  00$aThis powerful film produced from a Native perspective, has won many awards in recognition of its exploration of the history and current circumstances of the Sayisi Dene, a people of the ecological and cultural borderlands between tundra and forest in Canada. While specific to the Sayisi Dene, the film provides an excellent introduction to complex issues of politics, land rights, cultural ecology and processes of cultural destruction and rebirth that are of widespread concern in the circumpolar Arctic.
=546  \\$aIn English
=650  04$aSayisi Dene
=650  \4$aProperty rights
=650  \4$aAlcoholism
=650  \4$aCultural change and history
=650  \4$aCaribou
=650  \4$aHunting
=650  \4$aCultural identity
=650  \4$aTribal and national groups
=700  1\$aCode, Allen$4pro
=700  1\$aCode, Mary$4pro
=700  1\$aCode, Allen$4aut
=700  1\$aCode, Mary$4aut
=700  1\$aCode, Allen$4drt
=700  1\$aCode, Mary$4drt
=773  0\$dWatertown, MA : Documentary Educational Resources (DER), 1993
=856  40$uhttp://www.aspresolver.com/aspresolver.asp?ANTH;765006$yAlexander Street Press Ethnographic Video Online
=859  \\$aORR$bAlexander Street Press
=883  0\$aLanguage codes assigned by Bayesian analysis of words present in record$d20201028$qUk$c0.9010
=985  \\$aUpgraded by BSS-generated file for WR2011-1472
=CAT  \\$aWR13_071$b00$c20130610$lBLL01$h1613
=CAT  \\$aBATCH$b00$c20130610$lBLL01$h1613
=CAT  \\$aWR16_088$c20160606$lBLL01$h1632
=CAT  \\$aW1610-0368$c20161006$lBLL01$h0938
=CAT  \\$aW1606-1753$c20171028$lBLL01$h1352
=CAT  \\$aW2011-1472$b00$c20201127$lBLL01$h1833
=FIN  \\$aY$d20130610
=LAS  \\$aW2011-1472$b00$c20201127$lBLL01$h1833

