=LDR  02478 gm a2200481uu 4500
=001  016428349
=003  Uk
=005  20201127183329.0
=008  100813s1993\\\\xx\|||\|||||||||||mleng\d
=FMT  \\$a  VM
=035  \\$aASP1689440/ant1
=245  00$aThe Ocre People: Nomads of Namibia
=260  \\$aNew York, NY$bFilmakers Library$c1993
=306  \\$a34 minutes
=490  0\$aEthnographic Video Online, Volume 1
=505  00$aIn the desert of Namibia, life has always been a harsh struggle enriched by a feeling of oneness with the land. The people of Ova Himba were cattle herders, who followed the rains and knew where to find water and vegetation. They migrated between their encampments, the women repairing the huts with cow dung. Chief Kamasuthu, his mother, children and three wives always lived in the manner prescribed by their ancestors. They ground ocre with butterfat and herbs and decorated their bodies with this deep-hued mixture. This honored the fine cattle of their ancient gods. The drought and the war in Angola forced them into shanty towns and took away their dignity. Their children grew scornful of the old ways. This ancient, nomadic tribe, which had been untouched by the 20th century, now faces an uncertain future.
=546  \\$aIn English
=650  04$aHimba (Ovaherero, Ovahimba)
=650  \4$aWar
=650  \4$aDrought
=650  \4$aDaily life
=650  \4$aCultural identity
=650  \4$aTribal and national groups
=700  1\$aVorster, Abraham$4pro
=700  1\$aVorster, Ana Roth$4pro
=700  1\$aVorster, Abraham$4aut
=700  1\$aVorster, Ana Roth$4aut
=700  1\$aVorster, Abraham$4drt
=700  1\$aKamasuthu$4oth
=700  1\$aCuss, Martin Garrett$4nrt
=773  0\$dNew York, NY : Filmakers Library, 1993
=856  40$uhttp://www.aspresolver.com/aspresolver.asp?ANTH;1689440$yAlexander Street Press Ethnographic Video Online
=859  \\$aORR$bAlexander Street Press
=883  0\$aLanguage codes assigned by Bayesian analysis of words present in record$d20201028$qUk$c0.9010
=985  \\$aUpgraded by BSS-generated file for WR2011-1472
=CAT  \\$aWR13_071$b00$c20130610$lBLL01$h1613
=CAT  \\$aBATCH$b00$c20130610$lBLL01$h1613
=CAT  \\$aWR16_088$c20160606$lBLL01$h1632
=CAT  \\$aW1610-0368$c20161006$lBLL01$h0938
=CAT  \\$aW1606-1753$c20171028$lBLL01$h1352
=CAT  \\$aW2011-1472$b00$c20201127$lBLL01$h1833
=FIN  \\$aY$d20130610
=LAS  \\$aW2011-1472$b00$c20201127$lBLL01$h1833

