=LDR  02549 gm a2200469uu 4500
=001  016428350
=003  Uk
=005  20201127183329.0
=008  100813s9999\\\\xx\|||\|||||||||||mleng\d
=FMT  \\$a  VM
=035  \\$aASP1689374/ant1
=245  00$aOdô Yá!: Life with AIDS
=260  \\$aNew York, NY$bFilmakers Library
=306  \\$a58 minutes
=490  0\$aEthnographic Video Online, Volume 1
=505  00$aThis is the affirming story of how Candomble, a Brazilian religion of African origin, has become a source of strength and power for a group of AIDS sufferers. Shot in Rio de Janeiro, Sao Paulo and Bahia, it shows the rituals of Candomble and the celebration of Carnival. It features the personal struggles and words of wisdom from those whose faith have brought endurance and pride. Rather than denying the sexuality of this African-descendant population, innovative education programs have been developed for its followers. Where other religions preach abstinence, Candomble advocates the use of condoms so that sexuality need not be repressed. This beautifully shot documentary puts the epidemic in a cultural context, showing how this joyful religion helps its followers cope with the illness. An important film for classes in medical anthropology, folklore and religion, and Latin American culture.
=546  \\$aIn Portuguese, Subtitles in English
=650  04$aAfrican Brazilian
=650  \4$aCare issues
=650  \4$aReligious beliefs
=650  \4$aReligious faiths
=650  \4$aAIDS
=700  1\$aCypriano, Tânia.$4pro
=700  1\$aCypriano, Tânia.$4aut
=700  1\$aCypriano, Tânia.$4drt
=700  1\$aMarmo da Silva, Jose$4oth
=700  1\$aMotta, Joaquim$4oth
=700  1\$aKing, Judith.$4nrt
=773  0\$dNew York, NY : Filmakers Library
=856  40$uhttp://www.aspresolver.com/aspresolver.asp?ANTH;1689374$yAlexander Street Press Ethnographic Video Online
=859  \\$aORR$bAlexander Street Press
=883  0\$aLanguage codes assigned by Bayesian analysis of words present in record$d20201028$qUk$c0.9010
=985  \\$aUpgraded by BSS-generated file for WR2011-1472
=CAT  \\$aWR13_071$b00$c20130610$lBLL01$h1613
=CAT  \\$aBATCH$b00$c20130610$lBLL01$h1613
=CAT  \\$aWR16_088$c20160606$lBLL01$h1632
=CAT  \\$aBATCH-UPD$b00$c20160606$lBLL01$h1635
=CAT  \\$aW1610-0368$c20161006$lBLL01$h0938
=CAT  \\$aW1606-1753$c20171028$lBLL01$h1352
=CAT  \\$aW2011-1472$b00$c20201127$lBLL01$h1833
=FIN  \\$aY$d20130610
=LAS  \\$aW2011-1472$b00$c20201127$lBLL01$h1833

