=LDR  02098 gm a2200541uu 4500
=001  016428351
=003  Uk
=005  20201127183329.0
=008  100813s2003\\\\xx\|||\|||||||||||mleng\d
=FMT  \\$a  VM
=035  \\$aASP765010/ant1
=245  00$aOf Bards and Beggars
=260  \\$aWatertown, MA$bDocumentary Educational Resources (DER)$c2003
=306  \\$a32 minutes
=490  0\$aEthnographic Video Online, Volume 1
=505  00$aOf Bards and Beggars documents in detail, a musical ritual called Pabuji Jaagran, an all night epic recitation by Indian Rajasthani folk musicians. This story centers around a folk deity called Pabujib, a protector of livestock.
=546  \\$aIn English
=650  04$aRabari
=650  \4$aTribal and national groups
=650  \4$aCultural identity
=650  \4$aCultural change and history
=650  \4$aReligious rites and ceremonies
=650  \4$aFolk music
=650  \4$aMyths and legends
=700  1\$aDesai, Yask.$4aut
=700  1\$aKishore, Shweta.$4aut
=700  1\$aDesai, Yask.$4drt
=700  1\$aKishore, Shweta.$4drt
=700  1\$aDetha, Prakash$4oth
=700  1\$aDevasi, Indira$4oth
=700  1\$aKesar$4oth
=700  1\$aLal, Hazari$4oth
=700  1\$aParbu$4oth
=700  1\$aSuraj$4oth
=773  0\$dWatertown, MA : Documentary Educational Resources (DER), 2003
=856  40$uhttp://www.aspresolver.com/aspresolver.asp?ANTH;765010$yAlexander Street Press Ethnographic Video Online
=859  \\$aORR$bAlexander Street Press
=883  0\$aLanguage codes assigned by Bayesian analysis of words present in record$d20201028$qUk$c0.9010
=985  \\$aUpgraded by BSS-generated file for WR2011-1472
=CAT  \\$aWR13_071$b00$c20130610$lBLL01$h1613
=CAT  \\$aBATCH$b00$c20130610$lBLL01$h1613
=CAT  \\$aWR16_088$c20160606$lBLL01$h1632
=CAT  \\$aBATCH-UPD$b00$c20160606$lBLL01$h1635
=CAT  \\$aW1610-0368$c20161006$lBLL01$h0938
=CAT  \\$aW1606-1753$c20171028$lBLL01$h1352
=CAT  \\$aW2011-1472$b00$c20201127$lBLL01$h1833
=FIN  \\$aY$d20130610
=LAS  \\$aW2011-1472$b00$c20201127$lBLL01$h1833

