=LDR  02128 gm a2200553uu 4500
=001  016428352
=003  Uk
=005  20201127183329.0
=008  100813s2002\\\\xx\|||\|||||||||||mleng\d
=FMT  \\$a  VM
=035  \\$aASP765012/ant1
=245  00$aOf Men and Gods (des hommes et dieux)
=260  \\$aWatertown, MA$bDocumentary Educational Resources (DER)$c2002
=306  \\$a52 minutes
=490  0\$aEthnographic Video Online, Volume 1
=505  00$aA frank look at a largely unexplored area, Of Men And Gods examines the daily existence of several Haitian men who are openly gay.Prevalent, yet still taboo, homosexuality and gay culture are allowed to flourish within the context of Haiti's Vodou religion.
=546  \\$aIn Créole, Subtitles in English
=650  04$aHaitian
=650  \4$aAIDS
=650  \4$aVoodooism
=650  \4$aGays
=650  \4$aHomosexuality
=650  \4$aCross-dressing
=700  1\$aLescot, Anne.$4aut
=700  1\$aMagloire, Laurence.$4aut
=700  1\$aLescot, Anne.$4drt
=700  1\$aMagloire, Laurence.$4drt
=700  1\$aBlondine$4oth
=700  1\$aDenis.$4oth
=700  1\$aFlanise$4oth
=700  1\$aFritzner$4oth
=700  1\$aInnocente.$4oth
=700  1\$aJean-Marcel$4oth
=700  1\$aMadsen$4oth
=700  1\$aÉrol$4oth
=773  0\$dWatertown, MA : Documentary Educational Resources (DER), 2002
=856  40$uhttp://www.aspresolver.com/aspresolver.asp?ANTH;765012$yAlexander Street Press Ethnographic Video Online
=859  \\$aORR$bAlexander Street Press
=883  0\$aLanguage codes assigned by Bayesian analysis of words present in record$d20201028$qUk$c0.9010
=985  \\$aUpgraded by BSS-generated file for WR2011-1472
=CAT  \\$aWR13_071$b00$c20130610$lBLL01$h1613
=CAT  \\$aBATCH$b00$c20130610$lBLL01$h1613
=CAT  \\$aWR16_088$c20160606$lBLL01$h1632
=CAT  \\$aBATCH-UPD$b00$c20160606$lBLL01$h1635
=CAT  \\$aW1610-0368$c20161006$lBLL01$h0938
=CAT  \\$aW1606-1753$c20171028$lBLL01$h1352
=CAT  \\$aW2011-1472$b00$c20201127$lBLL01$h1833
=FIN  \\$aY$d20130610
=LAS  \\$aW2011-1472$b00$c20201127$lBLL01$h1833

