=LDR  02679 gm a2200517uu 4500
=001  016428353
=003  Uk
=005  20201127183329.0
=008  100813s2003\\\\xx\|||\|||||||||||mleng\d
=FMT  \\$a  VM
=035  \\$aASP1876691/ant1
=245  00$aOh What a Blow That Phantom Gave Me
=260  \\$aWatertown, MA$bDocumentary Educational Resources (DER)$c2003
=306  \\$a53 minutes
=490  0\$aEthnographic Video Online, Volume 1
=505  00$aThis film takes its title from a book written by filmmaker Edmund Carpenter in 1972 about his engagement with media in Papua, New Guinea. In the film, several filmmakers discuss the introduction of media, and film in particular, to native cultures.Media has the ability to help native peoples document their own cultures, but it also has the power to encroach upon those cultures and irreversibly alter them.This film relates the ways in which native peoples engage with media, from the Biami who proudly developed the "Big Wink" to learn how to properly focus a camera, to the Kandagan people who changed the rules of a thousand year old male initiation ceremony to allow a woman camera operator to document the ceremony. At issue is the way in which media "swallows cultures" and the benefits and dangers of introducing preliterate societies to Western modes of communication and expression.
=546  \\$aIn English
=650  04$aKandangan
=650  04$aBiami
=650  \4$aCultural identity
=650  \4$aCultural change and history
=650  \4$aFilms
=650  \4$aFilmmaking
=650  \4$aMass media
=650  \4$aReligious rites and ceremonies
=650  \4$aLiteracy
=650  \4$aPhotographs
=650  \4$aTelevision programs
=650  \4$aLanguage
=700  1\$aBishop, John Melville.$4drt
=700  1\$aPrins, Harald$4drt
=700  1\$aCarpenter, Edmund$4oth
=773  0\$dWatertown, MA : Documentary Educational Resources (DER), 2003
=856  40$uhttp://www.aspresolver.com/aspresolver.asp?ANTH;1876691$yAlexander Street Press Ethnographic Video Online
=859  \\$aORR$bAlexander Street Press
=883  0\$aLanguage codes assigned by Bayesian analysis of words present in record$d20201028$qUk$c0.9010
=985  \\$aUpgraded by BSS-generated file for WR2011-1472
=CAT  \\$aWR13_071$b00$c20130610$lBLL01$h1613
=CAT  \\$aBATCH$b00$c20130610$lBLL01$h1613
=CAT  \\$aWR16_088$c20160606$lBLL01$h1632
=CAT  \\$aBATCH-UPD$b00$c20160606$lBLL01$h1635
=CAT  \\$aW1610-0368$c20161006$lBLL01$h0938
=CAT  \\$aW1606-1753$c20171028$lBLL01$h1352
=CAT  \\$aW2011-1472$b00$c20201127$lBLL01$h1833
=FIN  \\$aY$d20130610
=LAS  \\$aW2011-1472$b00$c20201127$lBLL01$h1833

