=LDR  02682 gm a2200445uu 4500
=001  016428354
=003  Uk
=005  20201127183329.0
=008  100813s2001\\\\xx\|||\|||||||||||mleng\d
=FMT  \\$a  VM
=035  \\$aASP1689376/ant1
=245  00$aOh, You Black Bird: The Forgotten Holocaust of the Romanies
=260  \\$aNew York, NY$bFilmakers Library$c2001
=306  \\$a59 minutes
=490  0\$aEthnographic Video Online, Volume 1
=505  00$aAlthough it is acknowledged that the Gypsies were the victims of the Nazi scourge, this downtrodden group has seldom told its story to the outside world. When seventy year old Romany, Helena Malikova revisits Auschwitz where more gypsies met their end than anywhere else, she shares with us her bitter memories. The terrorist measures against the Romanies went back to a decree issued by the Reich President February, 1933, to the effect that the Romanies were among the "worthless" or "Gaunerpopulation." By December, 1938, Himmler had ordered the extermination of the Gypsy nuisance. Nazi doctors appraised each person for racial composition and determined who would go to an extermination center and who was to be crowded into a cold, barren work camp to suffer starvation and disease. The film also bears witness to the incredible disrespect the Communist regime had for the Romanies: a pig farm and a recreation center were built on the sites of the former concentration camps. The Gypsies put their suffering into mournful songs which survive today. The film is laced with their music and their memories.
=546  \\$aIn Czech, Subtitles in English
=650  04$aRomani
=650  \4$aSongs
=650  \4$aDetention centers
=650  \4$aRacism
=650  \4$aKillings
=700  1\$aRychik, B.$4aut
=700  1\$aRychik, B.$4drt
=700  1\$aDanielova, Ruzena$4oth
=700  1\$aMalikova, Helena.$4oth
=773  0\$dNew York, NY : Filmakers Library, 2001
=856  40$uhttp://www.aspresolver.com/aspresolver.asp?ANTH;1689376$yAlexander Street Press Ethnographic Video Online
=859  \\$aORR$bAlexander Street Press
=883  0\$aLanguage codes assigned by Bayesian analysis of words present in record$d20201028$qUk$c0.9010
=985  \\$aUpgraded by BSS-generated file for WR2011-1472
=CAT  \\$aWR13_071$b00$c20130610$lBLL01$h1613
=CAT  \\$aBATCH$b00$c20130610$lBLL01$h1613
=CAT  \\$aWR16_088$c20160606$lBLL01$h1632
=CAT  \\$aBATCH-UPD$b00$c20160606$lBLL01$h1635
=CAT  \\$aW1610-0368$c20161006$lBLL01$h0938
=CAT  \\$aW1606-1753$c20171028$lBLL01$h1352
=CAT  \\$aW2011-1472$b00$c20201127$lBLL01$h1833
=FIN  \\$aY$d20130610
=LAS  \\$aW2011-1472$b00$c20201127$lBLL01$h1833

