=LDR  02007 gm a2200505uu 4500
=001  016428355
=003  Uk
=005  20201127183329.0
=008  100813s1994\\\\xx\|||\|||||||||||mleng\d
=FMT  \\$a  VM
=035  \\$aASP765016/ant1
=245  00$aOlivia and Tim: Very Much Alive
=260  \\$aWatertown, MA$bDocumentary Educational Resources (DER)$c1994
=306  \\$a50 minutes
=490  0\$aEthnographic Video Online, Volume 1
=505  00$aOlivia Breitha is a seventy-five year old woman who was diagnosed with leprosy in 1934 and exiled to the Kalaupapa Settlement on Molokai, Hawaii. Cured of active disease since the early 1950's, she has remained in the place which is now her home.
=546  \\$aIn English
=650  04$aAmerican
=650  \4$aPhysical illnesses
=650  \4$aPatients
=650  \4$aAIDS
=650  \4$aLeprosy
=650  \4$aFriends
=700  1\$aLaw, Anwei Skinsnes.$4pro
=700  1\$aLaw, Anwei Skinsnes.$4aut
=700  1\$aLey, Christopher.$4aut
=700  1\$aVandervoot, Carl$4aut
=700  1\$aLey, Christopher.$4drt
=700  1\$aVandervoot, Carl$4drt
=700  1\$aBaker, Tim.$4oth
=700  1\$aBreitha, Olivia$4oth
=773  0\$dWatertown, MA : Documentary Educational Resources (DER), 1994
=856  40$uhttp://www.aspresolver.com/aspresolver.asp?ANTH;765016$yAlexander Street Press Ethnographic Video Online
=859  \\$aORR$bAlexander Street Press
=883  0\$aLanguage codes assigned by Bayesian analysis of words present in record$d20201028$qUk$c0.9010
=985  \\$aUpgraded by BSS-generated file for WR2011-1472
=CAT  \\$aWR13_071$b00$c20130610$lBLL01$h1613
=CAT  \\$aBATCH$b00$c20130610$lBLL01$h1613
=CAT  \\$aBATCH-UPD$b00$c20151016$lBLL01$h2028
=CAT  \\$aWR16_088$c20160606$lBLL01$h1632
=CAT  \\$aW1610-0368$c20161006$lBLL01$h0938
=CAT  \\$aW1606-1753$c20171028$lBLL01$h1352
=CAT  \\$aW2011-1472$b00$c20201127$lBLL01$h1833
=FIN  \\$aY$d20130610
=LAS  \\$aW2011-1472$b00$c20201127$lBLL01$h1833

