=LDR  01740 gm a2200433uu 4500
=001  016428356
=003  Uk
=005  20201127183329.0
=008  100813s2006\\\\xx\|||\|||||||||||mleng\d
=FMT  \\$a  VM
=035  \\$aASP765018/ant1
=245  00$aOn Edge - á Flor da Pele
=260  \\$aWatertown, MA$bDocumentary Educational Resources (DER)$c2006
=306  \\$a64 minutes
=490  0\$aEthnographic Video Online, Volume 1
=505  00$aThe film focuses on daily life in a poor housing estate in Porto and, in particular, on a group of children aged between 8 and 14. It follows their life outdoors always inventing new games.
=546  \\$aIn Portuguese, Subtitles in English
=650  04$aPortuguese
=650  \4$aChildren
=650  \4$aSoccer
=650  \4$aDaily life
=650  \4$aChildren's play
=650  \4$aEconomic conditions
=700  1\$aAzul, Laranja$4pro
=700  1\$aMourão, Catarina$4aut
=700  1\$aMourão, Catarina$4drt
=773  0\$dWatertown, MA : Documentary Educational Resources (DER), 2006
=856  40$uhttp://www.aspresolver.com/aspresolver.asp?ANTH;765018$yAlexander Street Press Ethnographic Video Online
=859  \\$aORR$bAlexander Street Press
=883  0\$aLanguage codes assigned by Bayesian analysis of words present in record$d20201028$qUk$c0.9010
=985  \\$aUpgraded by BSS-generated file for WR2011-1472
=CAT  \\$aWR13_071$b00$c20130610$lBLL01$h1613
=CAT  \\$aBATCH$b00$c20130610$lBLL01$h1613
=CAT  \\$aWR16_088$c20160606$lBLL01$h1632
=CAT  \\$aW1610-0368$c20161006$lBLL01$h0938
=CAT  \\$aW1606-1753$c20171028$lBLL01$h1352
=CAT  \\$aW2011-1472$b00$c20201127$lBLL01$h1833
=FIN  \\$aY$d20130610
=LAS  \\$aW2011-1472$b00$c20201127$lBLL01$h1833

