=LDR  02324 gm a2200565uu 4500
=001  016428357
=003  Uk
=005  20201127183329.0
=008  100813s2007\\\\xx\|||\|||||||||||mleng\d
=FMT  \\$a  VM
=035  \\$aASP765020/ant1
=245  00$aOn the Other Side
=260  \\$aWatertown, MA$bDocumentary Educational Resources (DER)$c2007
=306  \\$a51 minutes
=490  0\$aEthnographic Video Online, Volume 1
=505  00$aEach summer, Jamaican migrant farm workers flood the sleepy towns of rural Massachusetts, arriving to work the tobacco harvest-the staple crop of the region and the last to rely solely on manual labor. Traveling 3,000 miles, they spend up to eight months out of each year working amongst the vast sea of tobacco plants and suspended high above the rafters of the sheds where the plants are hung to dry.
=546  \\$aIn English, Subtitles in English
=650  04$aJamaican
=650  \4$aAgriculture
=650  \4$aHarvesting
=650  \4$aTobacco
=650  \4$aFarmers
=650  \4$aMigrant life
=700  1\$aIto, Nozomi$4pro
=700  1\$aNugent, Aoife$4pro
=700  1\$aIto, Nozomi$4aut
=700  1\$aNugent, Aoife$4aut
=700  1\$aScheehle, Peter$4aut
=700  1\$aShinohara, Allan$4aut
=700  1\$aScheehle, Peter$4drt
=700  1\$aShinohara, Allan$4drt
=700  0\$aClinton.$4oth
=700  0\$aGeorge.$4oth
=700  0\$aHans.$4oth
=700  0\$aHumphrey.$4oth
=773  0\$dWatertown, MA : Documentary Educational Resources (DER), 2007
=856  40$uhttp://www.aspresolver.com/aspresolver.asp?ANTH;765020$yAlexander Street Press Ethnographic Video Online
=859  \\$aORR$bAlexander Street Press
=883  0\$aLanguage codes assigned by Bayesian analysis of words present in record$d20201028$qUk$c0.9010
=985  \\$aUpgraded by BSS-generated file for WR2011-1472
=CAT  \\$aWR13_071$b00$c20130610$lBLL01$h1613
=CAT  \\$aBATCH$b00$c20130610$lBLL01$h1613
=CAT  \\$aBATCH-UPD$b00$c20130610$lBLL01$h1619
=CAT  \\$aBATCH-UPD$b00$c20130610$lBLL01$h1622
=CAT  \\$aWR16_088$c20160606$lBLL01$h1632
=CAT  \\$aW1610-0368$c20161006$lBLL01$h0938
=CAT  \\$aW1606-1753$c20171028$lBLL01$h1352
=CAT  \\$aW2011-1472$b00$c20201127$lBLL01$h1833
=FIN  \\$aY$d20130610
=LAS  \\$aW2011-1472$b00$c20201127$lBLL01$h1833

