=LDR  01683 gm a2200409uu 4500
=001  016428358
=003  Uk
=005  20201127183329.0
=008  100813s1975\\\\xx\|||\|||||||||||mleng\d
=FMT  \\$a  VM
=035  \\$aASP765022/ant1
=245  00$aOn the Spring Ice
=260  \\$aWatertown, MA$bDocumentary Educational Resources (DER)$c1975
=306  \\$a45 minutes
=490  0\$aEthnographic Video Online, Volume 1
=505  00$aWalrus as well as whales are hunted by the Eskimos of Gambell on St. Lawrence Island. As the film opens, an old man tells of the dangers of moving ice, how people used to drift on such ice and never return.
=546  \\$aIn English
=650  04$aEskimo
=650  \4$aTribal and national groups
=650  \4$aIce floes
=650  \4$aHunting
=700  1\$aKamerling, Leonard.$4drt
=700  1\$aElder, Sarah.$4drt
=773  0\$dWatertown, MA : Documentary Educational Resources (DER), 1975
=856  40$uhttp://www.aspresolver.com/aspresolver.asp?ANTH;765022$yAlexander Street Press Ethnographic Video Online
=859  \\$aORR$bAlexander Street Press
=883  0\$aLanguage codes assigned by Bayesian analysis of words present in record$d20201028$qUk$c0.9010
=985  \\$aUpgraded by BSS-generated file for WR2011-1472
=CAT  \\$aWR13_071$b00$c20130610$lBLL01$h1613
=CAT  \\$aBATCH$b00$c20130610$lBLL01$h1613
=CAT  \\$aWR16_088$c20160606$lBLL01$h1632
=CAT  \\$aBATCH-UPD$b00$c20160606$lBLL01$h1635
=CAT  \\$aW1610-0368$c20161006$lBLL01$h0938
=CAT  \\$aW1606-1753$c20171028$lBLL01$h1352
=CAT  \\$aW2011-1472$b00$c20201127$lBLL01$h1833
=FIN  \\$aY$d20130610
=LAS  \\$aW2011-1472$b00$c20201127$lBLL01$h1833

