=LDR  02613 gm a2200505uu 4500
=001  016428359
=003  Uk
=005  20201127183329.0
=008  100813s1977\\\\xx\|||\|||||||||||mleng\d
=FMT  \\$a  VM
=035  \\$aASP765428/ant1
=245  00$aThe Ona People: Life and Death in Tierra del Fuego
=260  \\$aWatertown, MA$bDocumentary Educational Resources (DER)$c1977
=306  \\$a55 minutes
=490  0\$aEthnographic Video Online, Volume 1
=505  00$aTierra del Fuego, "land of fire," was first discovered by Europeans early in the sixteenth century. A group of islands that had separated from the southern tip of the South American mainland long ago, Tierra del Fuego had probably been inhabited by different groups of Indians for at least 9000 years. The largest island in the zone, the "Great Island," now divided between Chile and Argentina, was the homeland of the Selk'nam Indians, sometimes known as the Ona. Until their extermination began in the last two decades of the nineteenth century, there were between 3500 and 4000 Ona on the island. In 1919, Father Martin Gusinde counted fewer then 300, and by 1930 less than 100 Ona remained. By 1977, when this film was released, Angela, the last full-blooded Ona Indian, had died.
=546  \\$aIn English
=650  04$aOna
=650  \4$aReligious missions
=650  \4$aColonialism
=650  \4$aShamanism
=650  \4$aReligious rites and ceremonies
=650  \4$aCultural change and history
=650  \4$aTribal and national groups
=650  \4$aCultural identity
=700  1\$aMontes de Gonzales, Ana$4aut
=700  1\$aChapman, Ann.$4aut
=700  1\$aMontes de Gonzales, Ana$4drt
=700  1\$aChapman, Ann.$4drt
=700  1\$aChapman, Ann.$4nrt
=700  1\$aMarichal, Carlos.$4nrt
=773  0\$dWatertown, MA : Documentary Educational Resources (DER), 1977
=856  40$uhttp://www.aspresolver.com/aspresolver.asp?ANTH;765428$yAlexander Street Press Ethnographic Video Online
=859  \\$aORR$bAlexander Street Press
=883  0\$aLanguage codes assigned by Bayesian analysis of words present in record$d20201028$qUk$c0.9010
=985  \\$aUpgraded by BSS-generated file for WR2011-1472
=CAT  \\$aWR13_071$b00$c20130610$lBLL01$h1613
=CAT  \\$aBATCH$b00$c20130610$lBLL01$h1613
=CAT  \\$aWR16_088$c20160606$lBLL01$h1632
=CAT  \\$aBATCH-UPD$b00$c20160606$lBLL01$h1635
=CAT  \\$aW1610-0368$c20161006$lBLL01$h0938
=CAT  \\$aW1606-1753$c20171028$lBLL01$h1352
=CAT  \\$aW2011-1472$b00$c20201127$lBLL01$h1833
=FIN  \\$aY$d20130610
=LAS  \\$aW2011-1472$b00$c20201127$lBLL01$h1833

