=LDR  01978 gm a2200493uu 4500
=001  016428361
=003  Uk
=005  20201127183329.0
=008  100813s1992\\\\xx\|||\|||||||||||mleng\d
=FMT  \\$a  VM
=035  \\$aASP765024/ant1
=245  00$aOne Man In A Boat: A Solo Expedition from London to Scotland
=260  \\$aWatertown, MA$bDocumentary Educational Resources (DER)$c1992
=306  \\$a56 minutes
=490  0\$aEthnographic Video Online, Volume 1
=505  00$aWith whimsy and insight, Robert Perkins canoes from London to Scotland on the canals and rivers of Great Britain to deliver a letter to the head of his ancestral clan, Lord Nigel Forbes. The film is a moving portrait of a land and its people.
=546  \\$aIn English
=650  04$aBritish
=650  04$aAmerican
=650  \4$aNature
=650  \4$aTravel
=650  \4$aRiver trips
=650  \4$aCanoes and kayaks
=650  \4$aBoat trips
=700  1\$aJohnston, Ned.$4pro
=700  1\$aPerkins, Robert.$4aut
=700  1\$aJohnston, Ned.$4drt
=700  1\$aPerkins, Robert.$4drt
=700  1\$aPerkins, Robert.$4oth
=700  1\$aPerkins, Robert.$4nrt
=773  0\$dWatertown, MA : Documentary Educational Resources (DER), 1992
=856  40$uhttp://www.aspresolver.com/aspresolver.asp?ANTH;765024$yAlexander Street Press Ethnographic Video Online
=859  \\$aORR$bAlexander Street Press
=883  0\$aLanguage codes assigned by Bayesian analysis of words present in record$d20201028$qUk$c0.9010
=985  \\$aUpgraded by BSS-generated file for WR2011-1472
=CAT  \\$aWR13_071$b00$c20130610$lBLL01$h1613
=CAT  \\$aBATCH$b00$c20130610$lBLL01$h1613
=CAT  \\$aWR16_088$c20160606$lBLL01$h1632
=CAT  \\$aBATCH-UPD$b00$c20160606$lBLL01$h1635
=CAT  \\$aW1610-0368$c20161006$lBLL01$h0938
=CAT  \\$aW1606-1753$c20171028$lBLL01$h1352
=CAT  \\$aW2011-1472$b00$c20201127$lBLL01$h1833
=FIN  \\$aY$d20130610
=LAS  \\$aW2011-1472$b00$c20201127$lBLL01$h1833

