=LDR  01993 gm a2200457uu 4500
=001  016428362
=003  Uk
=005  20201127183329.0
=008  100813s1995\\\\xx\|||\|||||||||||mleng\d
=FMT  \\$a  VM
=035  \\$aASP765034/ant1
=245  00$aOne Precept: Zen Buddhism in America
=260  \\$aWatertown, MA$bDocumentary Educational Resources (DER)$c1995
=306  \\$a30 minutes
=490  0\$aEthnographic Video Online, Volume 1
=505  00$aShot primarily at the Rinzai-Ji temple in Los Angeles, One Precept documents traditional Zen Buddhism in America today. In a personal, often poetic portrayal, the story introduces a Zen priest named Seiju, who discusses the principles of the practice, the growing popularity of Zen and his seventeen years as a disciple of one of its oldest living masters, Kyozan Joshu Sasaki.
=546  \\$aIn English
=650  04$aAmerican
=650  \4$aReligious beliefs
=650  \4$aMonks
=650  \4$aBuddhism
=700  1\$aAdams, Robin.$4pro
=700  1\$aAdams, Robin.$4aut
=700  1\$aFlood, Stephen.$4aut
=700  1\$aAdams, Robin.$4drt
=700  1\$aFlood, Stephen.$4drt
=700  1\$aSeiju$4oth
=773  0\$dWatertown, MA : Documentary Educational Resources (DER), 1995
=856  40$uhttp://www.aspresolver.com/aspresolver.asp?ANTH;765034$yAlexander Street Press Ethnographic Video Online
=859  \\$aORR$bAlexander Street Press
=883  0\$aLanguage codes assigned by Bayesian analysis of words present in record$d20201028$qUk$c0.9010
=985  \\$aUpgraded by BSS-generated file for WR2011-1472
=CAT  \\$aWR13_071$b00$c20130610$lBLL01$h1613
=CAT  \\$aBATCH$b00$c20130610$lBLL01$h1613
=CAT  \\$aWR16_088$c20160606$lBLL01$h1632
=CAT  \\$aBATCH-UPD$b00$c20160606$lBLL01$h1635
=CAT  \\$aW1610-0368$c20161006$lBLL01$h0938
=CAT  \\$aW1606-1753$c20171028$lBLL01$h1352
=CAT  \\$aW2011-1472$b00$c20201127$lBLL01$h1833
=FIN  \\$aY$d20130610
=LAS  \\$aW2011-1472$b00$c20201127$lBLL01$h1833

