=LDR  02186 gm a2200565uu 4500
=001  016428363
=003  Uk
=005  20201127183329.0
=008  100813s2000\\\\xx\|||\|||||||||||mleng\d
=FMT  \\$a  VM
=035  \\$aASP765036/ant1
=245  00$aOpre Roma: Gypsies in Canada
=260  \\$aWatertown, MA$bDocumentary Educational Resources (DER)$c2000
=306  \\$a52 minutes
=490  0\$aEthnographic Video Online, Volume 1
=505  00$aThis documentary celebrates the vibrant culture and tenacious struggle of the Gypsy. There is a new generation of Roma who claim their Gypsy roots with pride, while fighting the myths that caused their parents to live in fear.
=546  \\$aIn English
=650  04$aRomani
=650  \4$aWeddings
=650  \4$aReligious rites and ceremonies
=650  \4$aSocial dances
=650  \4$aCultural identity
=650  \4$aRefugees
=650  \4$aDiscrimination
=650  \4$aCultural change and history
=650  \4$aTribal and national groups
=650  \4$aFolk music
=700  1\$aKovanic, Gillian Darling.$4pro
=700  1\$aGibbon, Sharon$4aut
=700  1\$aPapa, Tony.$4drt
=700  1\$aBoothroyd, Karen Gray$4oth
=700  1\$aInes-Torres, Lolo$4oth
=700  1\$aLee, Ronald.$4oth
=700  1\$aLovell, Julia$4oth
=700  1\$aLovell, Tom$4oth
=700  1\$aZajac, Ondrei$4oth
=773  0\$dWatertown, MA : Documentary Educational Resources (DER), 2000
=856  40$uhttp://www.aspresolver.com/aspresolver.asp?ANTH;765036$yAlexander Street Press Ethnographic Video Online
=859  \\$aORR$bAlexander Street Press
=883  0\$aLanguage codes assigned by Bayesian analysis of words present in record$d20201028$qUk$c0.9010
=985  \\$aUpgraded by BSS-generated file for WR2011-1472
=CAT  \\$aWR13_071$b00$c20130610$lBLL01$h1613
=CAT  \\$aBATCH$b00$c20130610$lBLL01$h1613
=CAT  \\$aWR16_088$c20160606$lBLL01$h1632
=CAT  \\$aBATCH-UPD$b00$c20160606$lBLL01$h1635
=CAT  \\$aW1610-0368$c20161006$lBLL01$h0938
=CAT  \\$aW1606-1753$c20171028$lBLL01$h1352
=CAT  \\$aW2011-1472$b00$c20201127$lBLL01$h1833
=FIN  \\$aY$d20130610
=LAS  \\$aW2011-1472$b00$c20201127$lBLL01$h1833

