=LDR  01813 gm a2200457uu 4500
=001  016428364
=003  Uk
=005  20201127183329.0
=008  100813s2005\\\\xx\|||\|||||||||||mleng\d
=FMT  \\$a  VM
=035  \\$aASP765038/ant1
=245  00$aOrdinary Lives
=260  \\$aWatertown, MA$bDocumentary Educational Resources (DER)$c2005
=306  \\$a38 minutes
=490  0\$aEthnographic Video Online, Volume 1
=505  00$aMumbai is the financial capital of India, which is predicted to be the most populated city in Asia in 2020. Today, half of the city's population - 7 million people - are living in slums.
=546  \\$aIn English, Hindi, Marathi, Subtitles in English
=650  04$aIndian
=650  \4$aCities
=650  \4$aSocial classes
=650  \4$aPoverty
=650  \4$aUrban population
=650  \4$aSlums
=700  1\$aAgarwal, Sheetal S.$4pro
=700  1\$aAgarwal, Sheetal S.$4aut
=700  1\$aAgarwal, Sheetal S.$4drt
=700  1\$aShedge, Ramchandra$4oth
=700  1\$aShedge, Vidya$4oth
=773  0\$dWatertown, MA : Documentary Educational Resources (DER), 2005
=856  40$uhttp://www.aspresolver.com/aspresolver.asp?ANTH;765038$yAlexander Street Press Ethnographic Video Online
=859  \\$aORR$bAlexander Street Press
=883  0\$aLanguage codes assigned by Bayesian analysis of words present in record$d20201028$qUk$c0.9010
=985  \\$aUpgraded by BSS-generated file for WR2011-1472
=CAT  \\$aWR13_071$b00$c20130610$lBLL01$h1613
=CAT  \\$aBATCH$b00$c20130610$lBLL01$h1613
=CAT  \\$aWR16_088$c20160606$lBLL01$h1632
=CAT  \\$aW1610-0368$c20161006$lBLL01$h0938
=CAT  \\$aW1606-1753$c20171028$lBLL01$h1352
=CAT  \\$aW2011-1472$b00$c20201127$lBLL01$h1833
=FIN  \\$aY$d20130610
=LAS  \\$aW2011-1472$b00$c20201127$lBLL01$h1833

