=LDR  02313 gm a2200421uu 4500
=001  016428365
=003  Uk
=005  20201127183329.0
=008  100813s2010\\\\xx\|||\|||||||||||mleng\d
=FMT  \\$a  VM
=035  \\$aASP1871079/ant1
=245  00$aOrphans of Tibet
=260  \\$aParis, France$bZED$c2010
=306  \\$a46 minutes
=490  0\$aEthnographic Video Online, Volume 1
=505  00$aEach year, groups of Tibetan children secretly flee their homeland over the Himalayas to reach schools in India founded by the government in exile. Entrusted to smugglers, they are risking their lives by illegally crossing the great Himalayan range, a towering rampart between Tibet and India.The director will take us in the Mussorie school, in North India, where two thousand four hundred children have been rescued. They have left behind their family childhood and are now considered as orphans. We will discover the itineraries of Sonam, aged nine, and Dholma, the little new girl of the school. Here in India, they are taught about Tibetan culture and will find out about the history of their country and their ancestors. Sonam and Dholma's story is that of thousands of Tibetan children. Are they orphans of a lost country or bearers of hope who will save an endangered culture?
=546  \\$aIn Tibeto-Burman, English, Subtitles in English
=650  04$aTibetan
=650  \4$aSchools
=650  \4$aPolitical prisoners
=650  \4$aPolitical causes
=650  \4$aExile
=650  \4$aCultural identity
=650  \4$aOrphans
=700  1\$aCapel, Julie$4drt
=773  0\$dParis, France : ZED, 2010
=856  40$uhttp://www.aspresolver.com/aspresolver.asp?ANTH;1871079$yAlexander Street Press Ethnographic Video Online
=859  \\$aORR$bAlexander Street Press
=883  0\$aLanguage codes assigned by Bayesian analysis of words present in record$d20201028$qUk$c0.9010
=985  \\$aUpgraded by BSS-generated file for WR2011-1472
=CAT  \\$aWR13_071$b00$c20130610$lBLL01$h1613
=CAT  \\$aBATCH$b00$c20130610$lBLL01$h1613
=CAT  \\$aWR16_088$c20160606$lBLL01$h1632
=CAT  \\$aW1610-0368$c20161006$lBLL01$h0938
=CAT  \\$aW1606-1753$c20171028$lBLL01$h1352
=CAT  \\$aW2011-1472$b00$c20201127$lBLL01$h1833
=FIN  \\$aY$d20130610
=LAS  \\$aW2011-1472$b00$c20201127$lBLL01$h1833

