=LDR  02132 gm a2200481uu 4500
=001  016428366
=003  Uk
=005  20201127183329.0
=008  100813s1953\\\\xx\|||\|||||||||||mleng\d
=FMT  \\$a  VM
=035  \\$aASP1879574/ant1
=245  00$aOss Oss Wee Oss
=260  \\$aWatertown, MA$bDocumentary Educational Resources (DER)$c1953
=306  \\$a17 minutes
=490  0\$aEthnographic Video Online, Volume 1
=505  00$aPadstow, a town on the north coast of Cornwall, celebrates May Day with a unique custom: two hobby horses, or osses dance through the town streets, accompanied by drums and accordions. All Padstownians participate in this exciting event, which has now become a tourist attraction, drawing over 30,000 visitors the first of May to this fishing town of 3000. Folklorists Alan Lomax and Peter Kennedy visited Padstow in 1951, producing a film called Oss Oss Wee Oss (1953).
=546  \\$aIn English
=650  04$aEnglish
=650  \4$aSongs
=650  \4$aCostumes
=650  \4$aFestivals
=650  \4$aFolklore
=650  \4$aCultural identity
=650  \4$aLocal customs
=650  \4$aParades
=700  1\$aKennedy, Peter,$d1922-2006$4drt
=700  1\$aLomax, Alan$4drt
=700  1\$aPickow, George.$4drt
=773  0\$dWatertown, MA : Documentary Educational Resources (DER), 1953
=856  40$uhttp://www.aspresolver.com/aspresolver.asp?ANTH;1879574$yAlexander Street Press Ethnographic Video Online
=859  \\$aORR$bAlexander Street Press
=883  0\$aLanguage codes assigned by Bayesian analysis of words present in record$d20201028$qUk$c0.9010
=985  \\$aUpgraded by BSS-generated file for WR2011-1472
=CAT  \\$aWR13_071$b00$c20130610$lBLL01$h1613
=CAT  \\$aBATCH$b00$c20130610$lBLL01$h1613
=CAT  \\$aWR16_088$c20160606$lBLL01$h1632
=CAT  \\$aBATCH-UPD$b00$c20160606$lBLL01$h1635
=CAT  \\$aW1610-0368$c20161006$lBLL01$h0938
=CAT  \\$a11814$b40$c20161109$lBLL01$h1529
=CAT  \\$aW1606-1753$c20171028$lBLL01$h1352
=CAT  \\$aW2011-1472$b00$c20201127$lBLL01$h1833
=FIN  \\$aY$d20130610
=LAS  \\$aW2011-1472$b00$c20201127$lBLL01$h1833

