=LDR  01664 gm a2200421uu 4500
=001  016428367
=003  Uk
=005  20201127183329.0
=008  100813s9999\\\\xx\|||\|||||||||||mleng\d
=FMT  \\$a  VM
=035  \\$aASP1879865/ant1
=245  00$aOss Oss Wee Oss Redux: Beltane in Berkeley
=260  \\$aWatertown, MA$bDocumentary Educational Resources (DER)
=306  \\$a14 minutes
=490  0\$aEthnographic Video Online, Volume 1
=505  00$aA portrait of a contemporary pagan group in Berkeley, California that yearly re-enacts the custom of the hobby horse as part of its May Day revelries.
=546  \\$aIn English
=650  04$aAmerican
=650  \4$aCultural identity
=650  \4$aFolklore
=650  \4$aLocal customs
=650  \4$aFestivals
=700  1\$aBishop, John.$4drt
=700  1\$aMagliocco, Sabina$4drt
=773  0\$dWatertown, MA : Documentary Educational Resources (DER)
=856  40$uhttp://www.aspresolver.com/aspresolver.asp?ANTH;1879865$yAlexander Street Press Ethnographic Video Online
=859  \\$aORR$bAlexander Street Press
=883  0\$aLanguage codes assigned by Bayesian analysis of words present in record$d20201028$qUk$c0.9010
=985  \\$aUpgraded by BSS-generated file for WR2011-1472
=CAT  \\$aWR13_071$b00$c20130610$lBLL01$h1613
=CAT  \\$aBATCH$b00$c20130610$lBLL01$h1613
=CAT  \\$aWR16_088$c20160606$lBLL01$h1632
=CAT  \\$aBATCH-UPD$b00$c20160606$lBLL01$h1635
=CAT  \\$aW1610-0368$c20161006$lBLL01$h0938
=CAT  \\$aW1606-1753$c20171028$lBLL01$h1352
=CAT  \\$aW2011-1472$b00$c20201127$lBLL01$h1833
=FIN  \\$aY$d20130610
=LAS  \\$aW2011-1472$b00$c20201127$lBLL01$h1833

