=LDR  01991 gm a2200457uu 4500
=001  016428369
=003  Uk
=005  20201127183329.0
=008  100813s1997\\\\xx\|||\|||||||||||mleng\d
=FMT  \\$a  VM
=035  \\$aASP765042/ant1
=245  00$aOtaiya: Japan's Hidden Christians
=260  \\$aWatertown, MA$bDocumentary Educational Resources (DER)$c1997
=306  \\$a34 minutes
=490  0\$aEthnographic Video Online, Volume 1
=505  00$aIn the sixteenth century Portuguese Catholic missionaries introduced Christianity to Japan. The religion flourished for about fifty years, but by 1614 the Tokugawa government issued an edict that outlawed Christianity and expelled the missionaries from Japan. About 150,000 believers went underground and continued to practice their religion in secret.
=546  \\$aIn English
=650  04$aPortuguese
=650  04$aJapanese
=650  \4$aReligious persecution
=650  \4$aMissionaries
=650  \4$aReligious rites and ceremonies
=650  \4$aChristianity
=650  \4$aCultural change and history
=700  1\$aWhelan, Christal$4pro
=700  1\$aWhelan, Christal$4aut
=700  1\$aWhelan, Christal$4drt
=700  1\$aWhelan, Christal$4nrt
=773  0\$dWatertown, MA : Documentary Educational Resources (DER), 1997
=856  40$uhttp://www.aspresolver.com/aspresolver.asp?ANTH;765042$yAlexander Street Press Ethnographic Video Online
=859  \\$aORR$bAlexander Street Press
=883  0\$aLanguage codes assigned by Bayesian analysis of words present in record$d20201028$qUk$c0.9010
=985  \\$aUpgraded by BSS-generated file for WR2011-1472
=CAT  \\$aWR13_071$b00$c20130610$lBLL01$h1613
=CAT  \\$aBATCH$b00$c20130610$lBLL01$h1613
=CAT  \\$aWR16_088$c20160606$lBLL01$h1632
=CAT  \\$aW1610-0368$c20161006$lBLL01$h0938
=CAT  \\$aW1606-1753$c20171028$lBLL01$h1352
=CAT  \\$aW2011-1472$b00$c20201127$lBLL01$h1833
=FIN  \\$aY$d20130610
=LAS  \\$aW2011-1472$b00$c20201127$lBLL01$h1833

