=LDR  02090 gm a2200493uu 4500
=001  016428370
=003  Uk
=005  20201127183329.0
=008  100813s1996\\\\xx\|||\|||||||||||mleng\d
=FMT  \\$a  VM
=035  \\$aASP765044/ant1
=245  00$aOur Burmese Days
=260  \\$aWatertown, MA$bDocumentary Educational Resources (DER)$c1996
=306  \\$a90 minutes
=490  0\$aEthnographic Video Online, Volume 1
=505  00$aAn examination of biculturalism wrapped in an extraordinary personal odyssey. Our Burmese Days is also a fascinating defacto glimpse of life in a country that's rarely covered in the media today. Now known as Myanmar, the film's title is a reference to the novel "Burmese Days" by George Orwell, who worked for a time in the country's colonial police force.
=546  \\$aIn English, Subtitles in English
=650  04$aEnglish
=650  04$aBurmese
=650  \4$aFamily
=650  \4$aCultural assimilation
=650  \4$aWar
=650  \4$aMemories
=650  \4$aCultural change and history
=650  \4$aCultural identity
=700  1\$aMerrison, Lindsey.$4pro
=700  1\$aMerrison, Lindsey.$4aut
=700  1\$aMerrison, Lindsey.$4drt
=700  1\$aFranklin, Bill.$4oth
=700  1\$aMerrison, Sally.$4oth
=773  0\$dWatertown, MA : Documentary Educational Resources (DER), 1996
=856  40$uhttp://www.aspresolver.com/aspresolver.asp?ANTH;765044$yAlexander Street Press Ethnographic Video Online
=859  \\$aORR$bAlexander Street Press
=883  0\$aLanguage codes assigned by Bayesian analysis of words present in record$d20201028$qUk$c0.9010
=985  \\$aUpgraded by BSS-generated file for WR2011-1472
=CAT  \\$aWR13_071$b00$c20130610$lBLL01$h1613
=CAT  \\$aBATCH$b00$c20130610$lBLL01$h1613
=CAT  \\$aWR16_088$c20160606$lBLL01$h1632
=CAT  \\$aBATCH-UPD$b00$c20160606$lBLL01$h1635
=CAT  \\$aW1610-0368$c20161006$lBLL01$h0938
=CAT  \\$aW1606-1753$c20171028$lBLL01$h1352
=CAT  \\$aW2011-1472$b00$c20201127$lBLL01$h1833
=FIN  \\$aY$d20130610
=LAS  \\$aW2011-1472$b00$c20201127$lBLL01$h1833

