=LDR  01903 gm a2200445uu 4500
=001  016428371
=003  Uk
=005  20201127183329.0
=008  100813s9999\\\\xx\|||\|||||||||||mleng\d
=FMT  \\$a  VM
=035  \\$aASP1785226/ant1
=245  00$aOur God the Condor
=260  \\$aNew York, NY$bFilmakers Library
=306  \\$a29 minutes
=490  0\$aEthnographic Video Online, Volume 1
=520  3\$aThe Yawar Festival, a spectacular event in the southern Andes of Peru, pits a condor, symbolic of the Andean people, against a bull, the symbol of Spain. In the dramatic ritual battle the wildly flapping condor is tied atop the lurching bull. The film documents the significance of the ceremony for the indigenous people.
=546  \\$aIn Spanish, English, Subtitles in English
=650  04$aAmerican Indian
=650  04$aPeruvian
=650  \4$aTribal and national groups
=650  \4$aReligious rites and ceremonies
=650  \4$aReligious festivals
=700  1\$aHarries, Andy.$4pro
=700  1\$aYule, Paul.$4pro
=700  1\$aHarries, Andy.$4drt
=700  1\$aYule, Paul.$4drt
=773  0\$dNew York, NY : Filmakers Library
=856  40$uhttp://www.aspresolver.com/aspresolver.asp?ANTH;1785226$yAlexander Street Press Ethnographic Video Online
=859  \\$aORR$bAlexander Street Press
=883  0\$aLanguage codes assigned by Bayesian analysis of words present in record$d20201028$qUk$c0.9010
=985  \\$aUpgraded by BSS-generated file for WR2011-1472
=CAT  \\$aWR13_071$b00$c20130610$lBLL01$h1613
=CAT  \\$aBATCH$b00$c20130610$lBLL01$h1613
=CAT  \\$aWR16_088$c20160606$lBLL01$h1632
=CAT  \\$aBATCH-UPD$b00$c20160606$lBLL01$h1635
=CAT  \\$aW1610-0368$c20161006$lBLL01$h0938
=CAT  \\$aW1606-1753$c20171028$lBLL01$h1352
=CAT  \\$aW2011-1472$b00$c20201127$lBLL01$h1833
=FIN  \\$aY$d20130610
=LAS  \\$aW2011-1472$b00$c20201127$lBLL01$h1833

