=LDR  02686 gm a2200409uu 4500
=001  016428372
=003  Uk
=005  20201127183329.0
=008  100813s9999\\\\xx\|||\|||||||||||mleng\d
=FMT  \\$a  VM
=035  \\$aASP1689378/ant1
=245  00$aOur Lady's
=260  \\$aNew York, NY$bFilmakers Library
=306  \\$a25 minutes
=490  0\$aEthnographic Video Online, Volume 1
=505  00$aOur Lady's is the story of how one Boston suburban parish, energized by a dynamic leader, rose up against the powerful Church hierarchy to demand that their voices be heard. They became a part of what's been called the first full-scale laity revolt in the history of the Catholic Church. Father Walter Cuenin and his parishioners at Our Lady Help of Christians Church in Newton, MA were horrified and saddened when they learned that a popular priest had molested a number of local children years before. When it was revealed that the local church hierarchy, including Boston's Archbishop Cardinal Law, had known about the abuse for years but continued to transfer the suspected priest from parish to parish, their grief turned to collective outrage. Father Cuenin, a progressive and outspoken priest had clashed with Cardinal Law over issues like women?s ordination and gay rights in the past. Now he began to speak out publicly about problems in the Catholic Church, encouraging both his fellow priests and his parishioners to do the same. Voice of the Faithful was born, an organization demanding that lay people have a greater say in the running of the church. But in a culture where obedience is prized above all else, will a rebellious parish like Our Lady's be quashed?
=546  \\$aIn English
=650  \4$aPriests
=650  \4$aCongregations
=650  \4$aChild abuse
=650  \4$aCatholicism
=700  1\$aGardner, Elizabeth O'Brien$4aut
=700  1\$aGardner, Elizabeth O'Brien$4drt
=700  1\$aCuenin, Walter$4oth
=773  0\$dNew York, NY : Filmakers Library
=856  40$uhttp://www.aspresolver.com/aspresolver.asp?ANTH;1689378$yAlexander Street Press Ethnographic Video Online
=859  \\$aORR$bAlexander Street Press
=883  0\$aLanguage codes assigned by Bayesian analysis of words present in record$d20201028$qUk$c0.9010
=985  \\$aUpgraded by BSS-generated file for WR2011-1472
=CAT  \\$aWR13_071$b00$c20130610$lBLL01$h1613
=CAT  \\$aBATCH$b00$c20130610$lBLL01$h1613
=CAT  \\$aWR16_088$c20160606$lBLL01$h1632
=CAT  \\$aW1610-0368$c20161006$lBLL01$h0938
=CAT  \\$aW1606-1753$c20171028$lBLL01$h1352
=CAT  \\$aW2011-1472$b00$c20201127$lBLL01$h1833
=FIN  \\$aY$d20130610
=LAS  \\$aW2011-1472$b00$c20201127$lBLL01$h1833

