=LDR  02098 gm a2200517uu 4500
=001  016428373
=003  Uk
=005  20201127183329.0
=008  100813s1986\\\\xx\|||\|||||||||||mleng\d
=FMT  \\$a  VM
=035  \\$aASP765048/ant1
=245  00$aOur Lives In Our Hands
=260  \\$aWatertown, MA$bDocumentary Educational Resources (DER)$c1986
=306  \\$a49 minutes
=490  0\$aEthnographic Video Online, Volume 1
=505  00$aOur Lives In Our Hands examines the traditional Native American craft of split ash basketmaking as a means of economic and cultural survival for Aroostook Micmac Indians of northern Maine. This documentary of rural off-reservation Indian artisans aims to break down stereotypical images.
=546  \\$aIn English
=650  04$aMicmac
=650  \4$aBasket making
=650  \4$aCrafts
=650  \4$aWoodworking
=650  \4$aCultural identity
=650  \4$aTribal and national groups
=700  1\$aCarter, Karen$4pro
=700  1\$aPrins, Harald$4pro
=700  1\$aCarter, Karen$4aut
=700  1\$aPrins, Harald$4aut
=700  1\$aCarter, Karen$4drt
=700  1\$aPhillips, Paul.$4oth
=700  1\$aSanipass, Donald.$4oth
=700  1\$aSanipass, Mary$4oth
=773  0\$dWatertown, MA : Documentary Educational Resources (DER), 1986
=856  40$uhttp://www.aspresolver.com/aspresolver.asp?ANTH;765048$yAlexander Street Press Ethnographic Video Online
=859  \\$aORR$bAlexander Street Press
=883  0\$aLanguage codes assigned by Bayesian analysis of words present in record$d20201028$qUk$c0.9010
=985  \\$aUpgraded by BSS-generated file for WR2011-1472
=CAT  \\$aWR13_071$b00$c20130610$lBLL01$h1613
=CAT  \\$aBATCH$b00$c20130610$lBLL01$h1613
=CAT  \\$aBATCH-UPD$b00$c20150108$lBLL01$h0009
=CAT  \\$aWR16_088$c20160606$lBLL01$h1632
=CAT  \\$aBATCH-UPD$b00$c20160606$lBLL01$h1635
=CAT  \\$aW1610-0368$c20161006$lBLL01$h0938
=CAT  \\$aW1606-1753$c20171028$lBLL01$h1352
=CAT  \\$aW2011-1472$b00$c20201127$lBLL01$h1833
=FIN  \\$aY$d20130610
=LAS  \\$aW2011-1472$b00$c20201127$lBLL01$h1833

