=LDR  02189cgm a2200565uu 4500
=001  016428374
=003  Uk
=005  20201127183329.0
=008  100813s1983\\\\xx\|||\|||||||||||mleng\d
=FMT  \\$a  VM
=035  \\$aASP765054/ant1
=245  00$aOut of Order
=260  \\$aWatertown, MA$bDocumentary Educational Resources (DER)$c1983
=306  \\$a89 minutes
=490  0\$aEthnographic Video Online, Volume 1
=505  00$aIn Out of Order six former Catholic nuns tell why they entered and why they left religious life. The women (filmmaker Diane Christian is one of them) describe their years in the convent and their return to the secular world.
=546  \\$aIn English
=650  04$aAmerican
=650  \4$aReligion
=650  \4$aReligious communities
=650  \4$aSexuality
=650  \4$aNuns
=650  \4$aCatholicism
=700  1\$aChristian, Diane$4pro
=700  1\$aJackson, Bruce.$4pro
=700  1\$aChristian, Diane$4aut
=700  1\$aJackson, Bruce.$4aut
=700  1\$aChristian, Diane$4drt
=700  1\$aJackson, Bruce.$4drt
=700  1\$aChristian, Diane$4oth
=700  1\$aDelehanty, Deanne Czebatol$4oth
=700  1\$aFina, Angela.$4oth
=700  1\$aReynolds, Beatrice.$4oth
=700  1\$aSalvatore, Katherine Pilot$4oth
=700  1\$aSidoti, Marie$4oth
=773  0\$dWatertown, MA : Documentary Educational Resources (DER), 1983
=856  40$uhttp://www.aspresolver.com/aspresolver.asp?ANTH;765054$yAlexander Street Press Ethnographic Video Online
=859  \\$aORR$bAlexander Street Press
=883  0\$aLanguage codes assigned by Bayesian analysis of words present in record$d20201028$qUk$c0.9010
=985  \\$aUpgraded by BSS-generated file for WR2011-1472
=CAT  \\$aWR13_071$b00$c20130610$lBLL01$h1613
=CAT  \\$aBATCH$b00$c20130610$lBLL01$h1613
=CAT  \\$aWR16_088$c20160606$lBLL01$h1632
=CAT  \\$aBATCH-UPD$b00$c20160606$lBLL01$h1635
=CAT  \\$aW1610-0368$c20161006$lBLL01$h0938
=CAT  \\$aW1606-1753$c20171028$lBLL01$h1352
=CAT  \\$aW2011-1472$b00$c20201127$lBLL01$h1833
=CAT  \\$aBATCH-UPD$b00$c20230611$lBLL01$h2124
=FIN  \\$aY$d20130610
=LAS  \\$aBATCH-UPD$b00$c20230611$lBLL01$h2124

