=LDR  02130 gm a2200409uu 4500
=001  016428375
=003  Uk
=005  20201127183329.0
=008  100813s1994\\\\xx\|||\|||||||||||mleng\d
=FMT  \\$a  VM
=035  \\$aASP1869272/ant1
=245  00$aOwu: Chidi Joins the Okoroshi Secret Society
=260  \\$aWatertown, MA$bDocumentary Educational Resources (DER)$c1994
=306  \\$a59 minutes
=490  0\$aEthnographic Video Online, Volume 1
=505  00$aRecorded in 1991
=520  3\$aWitness an uncompromising portrait of a young man's initiation into a men's secret society. It begins with the elder griot and praise singer talking about the origins of the "Owu" society. Two keepers of tradition, the griot and the town's oldest woman and female griot, Ezenwanyi (Leader of Women), narrate this film continuing their role as commentators in the life of the village. Owu explores the pluralistic lives of Africans as they come up against westernized Christian influence. Many significant rituals are filmed for the first time. The program shows respect for the subject's traditions.
=546  \\$aIn Igbo, English, Subtitles in English
=650  04$aIgbo
=650  \4$aEthnographic research theory
=650  \4$aGender roles
=650  \4$aTraditional history
=650  \4$aSpiritual guidance
=650  \4$aTribal and national groups
=773  0\$dWatertown, MA : Documentary Educational Resources (DER), 1994
=856  40$uhttp://www.aspresolver.com/aspresolver.asp?ANTH;1869272$yAlexander Street Press Ethnographic Video Online
=859  \\$aORR$bAlexander Street Press
=883  0\$aLanguage codes assigned by Bayesian analysis of words present in record$d20201028$qUk$c0.9010
=985  \\$aUpgraded by BSS-generated file for WR2011-1472
=CAT  \\$aWR13_071$b00$c20130610$lBLL01$h1613
=CAT  \\$aBATCH$b00$c20130610$lBLL01$h1613
=CAT  \\$aWR16_088$c20160606$lBLL01$h1632
=CAT  \\$aW1610-0368$c20161006$lBLL01$h0938
=CAT  \\$aW1606-1753$c20171028$lBLL01$h1352
=CAT  \\$aW2011-1472$b00$c20201127$lBLL01$h1833
=FIN  \\$aY$d20130610
=LAS  \\$aW2011-1472$b00$c20201127$lBLL01$h1833

