=LDR  02861 gm a2200529uu 4500
=001  016428378
=003  Uk
=005  20201127183329.0
=008  100813s9999\\\\xx\|||\|||||||||||mleng\d
=FMT  \\$a  VM
=035  \\$aASP1689380/ant1
=245  00$aParadise Bent
=260  \\$aNew York, NY$bFilmakers Library
=306  \\$a50 minutes
=490  0\$aEthnographic Video Online, Volume 1
=505  00$aThis is one of the first explorations of the Samoan fa'afafines, boys who are raised as girls, fulfilling a traditional role in Samoan culture. The film shows how in the large Samoan family there may be one or two fa'afafines who are not only accepted but appreciated. They cheerfully share the women's traditional work of cooking, cleaning and caring for children and the elderly. Today's fa'afafines are becoming more westernized and look more like drag queens. Dance has always been an important part of Samoan culture. From an early age, the fa'afafines dance the female role, and many continue to dance as entertainers in nightclubs. We meet Cindy, a popular dancer, who has fallen in love with a representative of the Australian High Commission. They live together in the Australian compound, which lands him in trouble. He is transferred to Australia, but gives up his job and returns to be with Cindy. Several anthropologists, including Derek Freeman and Tom Pollard comment on the phenomenon. Paradise Bent brings up issues of culture and gender and the complexities of sexual identity.
=546  \\$aIn English, Samoan, Subtitles in English
=650  04$aSamoan
=650  \4$aCross-dressing
=650  \4$aCultural adaptation
=650  \4$aGays
=650  \4$aDancers
=650  \4$aDivision of labor
=650  \4$aGender roles
=700  1\$aCroall, Heather.$4pro
=700  1\$aAltmann, Karin.$4aut
=700  1\$aCroall, Heather.$4aut
=700  1\$aCroall, Heather.$4drt
=700  0\$aCindy.$4oth
=700  1\$aMishie$4oth
=700  1\$aTanya$4oth
=700  1\$aTosi$4oth
=773  0\$dNew York, NY : Filmakers Library
=856  40$uhttp://www.aspresolver.com/aspresolver.asp?ANTH;1689380$yAlexander Street Press Ethnographic Video Online
=859  \\$aORR$bAlexander Street Press
=883  0\$aLanguage codes assigned by Bayesian analysis of words present in record$d20201028$qUk$c0.9010
=985  \\$aUpgraded by BSS-generated file for WR2011-1472
=CAT  \\$aWR13_071$b00$c20130610$lBLL01$h1613
=CAT  \\$aBATCH$b00$c20130610$lBLL01$h1613
=CAT  \\$aBATCH-UPD$b00$c20130610$lBLL01$h1622
=CAT  \\$aWR16_088$c20160606$lBLL01$h1632
=CAT  \\$aBATCH-UPD$b00$c20160606$lBLL01$h1635
=CAT  \\$aW1610-0368$c20161006$lBLL01$h0938
=CAT  \\$aW1606-1753$c20171028$lBLL01$h1352
=CAT  \\$aW2011-1472$b00$c20201127$lBLL01$h1833
=FIN  \\$aY$d20130610
=LAS  \\$aW2011-1472$b00$c20201127$lBLL01$h1833

