=LDR  02022 gm a2200469uu 4500
=001  016428379
=003  Uk
=005  20201127183329.0
=008  100813s2004\\\\xx\|||\|||||||||||mleng\d
=FMT  \\$a  VM
=035  \\$aASP765056/ant1
=245  00$aParallel Lines
=260  \\$aWatertown, MA$bDocumentary Educational Resources (DER)$c2004
=306  \\$a98 minutes
=490  0\$aEthnographic Video Online, Volume 1
=505  00$aFilmmaker Nina Davenport searches for points of intersection between loss and meaning, suffering and hope, in the aftermath of September 11, 2001. Drawing on the conventions of the road movie, Davenport interviews strangers as she journeys across the country, finding that, despite their differences, many Americans dealt with the national trauma by referencing personal loss and longing
=546  \\$aIn English
=650  04$aAmerican
=650  \4$aTravel
=650  \4$aAttacks
=650  \4$aMemories
=650  \4$aTerrorism
=650  \4$aCultural change and history
=650  \4$aCultural identity
=700  1\$aDavenport, Nina.$4pro
=700  1\$aDavenport, Nina.$4aut
=700  1\$aDavenport, Nina.$4drt
=700  1\$aDavenport, Nina.$4oth
=773  0\$dWatertown, MA : Documentary Educational Resources (DER), 2004
=856  40$uhttp://www.aspresolver.com/aspresolver.asp?ANTH;765056$yAlexander Street Press Ethnographic Video Online
=859  \\$aORR$bAlexander Street Press
=883  0\$aLanguage codes assigned by Bayesian analysis of words present in record$d20201028$qUk$c0.9010
=985  \\$aUpgraded by BSS-generated file for WR2011-1472
=CAT  \\$aWR13_071$b00$c20130610$lBLL01$h1613
=CAT  \\$aBATCH$b00$c20130610$lBLL01$h1613
=CAT  \\$aWR16_088$c20160606$lBLL01$h1632
=CAT  \\$aBATCH-UPD$b00$c20160606$lBLL01$h1635
=CAT  \\$aW1610-0368$c20161006$lBLL01$h0938
=CAT  \\$aW1606-1753$c20171028$lBLL01$h1352
=CAT  \\$aW2011-1472$b00$c20201127$lBLL01$h1833
=FIN  \\$aY$d20130610
=LAS  \\$aW2011-1472$b00$c20201127$lBLL01$h1833

