=LDR  02051 gm a2200613uu 4500
=001  016428380
=003  Uk
=005  20201127183329.0
=008  100813s1986\\\\xx\|||\|||||||||||mleng\d
=FMT  \\$a  VM
=035  \\$aASP1647031/ant1
=245  00$aParents & Children
=260  \\$aLondon, England$bBritish Broadcasting Corporation (BBC)$c1986
=306  \\$a49 minutes
=490  0\$aEthnographic Video Online, Volume 1
=505  00$aIn English
=650  04$aHungarian
=650  04$aItalian
=650  04$aIndian
=650  04$aKenyan
=650  \4$aSocial status
=650  \4$aAbortions
=650  \4$aBirth rates
=650  \4$aBirth control
=650  \4$aMarried persons
=650  \4$aEmotional conflict
=650  \4$aPersonal finances
=650  \4$aChildren
=650  \4$aCustoms
=700  1\$aNicholson, William.$4pro
=700  1\$aNicholson, William.$4aut
=700  1\$aIboy, Edith$4oth
=700  1\$aMalunday, Florence$4oth
=700  0\$aMaria.$4oth
=700  1\$aMr. Agravan$4oth
=700  1\$aMr. Ramamurti$4oth
=700  1\$aNagamba, Pino$4oth
=700  1\$aNagamba, Silvana$4oth
=700  1\$aNicholson, William.$4nrt
=773  0\$dLondon, England : British Broadcasting Corporation (BBC), 1986
=856  40$uhttp://www.aspresolver.com/aspresolver.asp?ANTH;1647031$yAlexander Street Press Ethnographic Video Online
=859  \\$aORR$bAlexander Street Press
=883  0\$aLanguage codes assigned by Bayesian analysis of words present in record$d20201028$qUk$c0.9010
=985  \\$aUpgraded by BSS-generated file for WR2011-1472
=CAT  \\$aWR13_071$b00$c20130610$lBLL01$h1613
=CAT  \\$aBATCH$b00$c20130610$lBLL01$h1613
=CAT  \\$aBATCH-UPD$b00$c20130610$lBLL01$h1619
=CAT  \\$aWR16_088$c20160606$lBLL01$h1632
=CAT  \\$aBATCH-UPD$b00$c20160606$lBLL01$h1635
=CAT  \\$aW1610-0368$c20161006$lBLL01$h0938
=CAT  \\$aW1606-1753$c20171028$lBLL01$h1352
=CAT  \\$aW2011-1472$b00$c20201127$lBLL01$h1833
=FIN  \\$aY$d20130610
=LAS  \\$aW2011-1472$b00$c20201127$lBLL01$h1833

