=LDR  01779 gm a2200433uu 4500
=001  016428381
=003  Uk
=005  20201127183329.0
=008  100813s1998\\\\xx\|||\|||||||||||mleng\d
=FMT  \\$a  VM
=035  \\$aASP765058/ant1
=245  00$aPassenger
=260  \\$aWatertown, MA$bDocumentary Educational Resources (DER)$c1998
=306  \\$a25 minutes
=490  0\$aEthnographic Video Online, Volume 1
=505  00$aRecorded in 1997
=520  3\$aIn Passenger Gardner made what he calls "an observation in four movements." The intent of the piece is to impart an experience of the engagement by Scully with the work in question, an engagement which is both physical and emotional.
=546  \\$aIn English
=650  \4$aArt studios
=650  \4$aPainters
=650  \4$aVisual artists
=700  1\$aGardner, Robert.$4pro
=700  1\$aGardner, Robert.$4aut
=700  1\$aGardner, Robert.$4drt
=700  1\$aScully, Sean$4oth
=773  0\$dWatertown, MA : Documentary Educational Resources (DER), 1998
=856  40$uhttp://www.aspresolver.com/aspresolver.asp?ANTH;765058$yAlexander Street Press Ethnographic Video Online
=859  \\$aORR$bAlexander Street Press
=883  0\$aLanguage codes assigned by Bayesian analysis of words present in record$d20201028$qUk$c0.9010
=985  \\$aUpgraded by BSS-generated file for WR2011-1472
=CAT  \\$aWR13_071$b00$c20130610$lBLL01$h1613
=CAT  \\$aBATCH$b00$c20130610$lBLL01$h1613
=CAT  \\$aWR16_088$c20160606$lBLL01$h1632
=CAT  \\$aBATCH-UPD$b00$c20160606$lBLL01$h1635
=CAT  \\$aW1610-0368$c20161006$lBLL01$h0938
=CAT  \\$aW1606-1753$c20171028$lBLL01$h1352
=CAT  \\$aW2011-1472$b00$c20201127$lBLL01$h1833
=FIN  \\$aY$d20130610
=LAS  \\$aW2011-1472$b00$c20201127$lBLL01$h1833

