=LDR  02134 gm a2200493uu 4500
=001  016428382
=003  Uk
=005  20201127183329.0
=008  100813s1998\\\\xx\|||\|||||||||||mleng\d
=FMT  \\$a  VM
=035  \\$aASP765060/ant1
=245  00$aPassing Girl: Riverside An Essay On Camera Work
=260  \\$aWatertown, MA$bDocumentary Educational Resources (DER)$c1998
=306  \\$a24 minutes
=490  0\$aEthnographic Video Online, Volume 1
=505  00$aRecorded in 1997
=520  3\$aAt a street festival in West Africa, a young girl is delighted to discover a video camera trained on her. But her exuberant display is quickly cut short when she recognizes that the cameraman has already lost interest in her. But all is well: he has a document of the moment. Video has tipped the balance in another human interaction, and turned it into a curio.
=546  \\$aIn English
=650  04$aGhanaian
=650  \4$aIntercultural communication
=650  \4$aCultural identity
=650  \4$aAnthropology
=650  \4$aFilmmaking
=650  \4$aEthnographic methodology
=700  1\$aBraun, Kwame.$4pro
=700  1\$aBraun, Kwame.$4aut
=700  1\$aBraun, Kwame.$4drt
=700  1\$aCole, Catherine, Dr.$4drt
=700  1\$aBraun, Kwame.$4oth
=700  1\$aCole, Catherine, Dr.$4oth
=773  0\$dWatertown, MA : Documentary Educational Resources (DER), 1998
=856  40$uhttp://www.aspresolver.com/aspresolver.asp?ANTH;765060$yAlexander Street Press Ethnographic Video Online
=859  \\$aORR$bAlexander Street Press
=883  0\$aLanguage codes assigned by Bayesian analysis of words present in record$d20201028$qUk$c0.9010
=985  \\$aUpgraded by BSS-generated file for WR2011-1472
=CAT  \\$aWR13_071$b00$c20130610$lBLL01$h1613
=CAT  \\$aBATCH$b00$c20130610$lBLL01$h1613
=CAT  \\$aWR16_088$c20160606$lBLL01$h1632
=CAT  \\$aBATCH-UPD$b00$c20160606$lBLL01$h1635
=CAT  \\$aW1610-0368$c20161006$lBLL01$h0938
=CAT  \\$aW1606-1753$c20171028$lBLL01$h1352
=CAT  \\$aW2011-1472$b00$c20201127$lBLL01$h1833
=FIN  \\$aY$d20130610
=LAS  \\$aW2011-1472$b00$c20201127$lBLL01$h1833

