=LDR  02826 gm a2200433uu 4500
=001  016428384
=003  Uk
=005  20201127183329.0
=008  100813s2007\\\\xx\|||\|||||||||||mleng\d
=FMT  \\$a  VM
=035  \\$aASP1867473/ant1
=245  00$aPatagonia
=260  \\$aWatertown, MA$bDocumentary Educational Resources (DER)$c2007
=306  \\$a62 minutes
=490  0\$aEthnographic Video Online, Volume 1
=505  00$aRecorded in 1928
=520  3\$aAs a child, Father Alberto de Agostini dreamed of Tierra del Fuego, inspired by his brother Juan, publisher of the book Tierra del Fuego, and Don Bosco, founder of the Salesian order. After becoming a Salesian himself, Father de Agostini studied geography. In 1910 he finally fulfilled his dream, settling in Punta Arenas, where he lived until 1958. During these years he assiduously explored the region, discovering the unknown zones, such as the Ice Fields; baptizing creeks and hills; establishing maps and simultaneously filming these places. In 1945 he published The Andes of Patagonia. De Agostini filmed and photographed the last survivors of several ethnic groups. Available for the first time in the US, de Agostini's 1928 film Patagonia documents the daily lives of the three native groups who inhabited Tierra del Fuego between Chile and southern Argentina: the Onas, the Alacalufes, and the Tehuelches. Featuring life amidst a rough terrain of rocky ice-capped mountains, majestic glaciers, and thunderous rapids, the film presents an early record of their hunting methods, healing rituals, clothes and basket making and way of life. Alberto also shows the colonization of Tierra del Fuego, from a rocky frigid terrain into an area with newly paved roads and agricultural productivity.
=546  \\$aIn Spanish, Subtitles in English
=650  04$aArgentine
=650  04$aChilean
=650  \4$aHunting
=650  \4$aAgrarian life
=650  \4$aCultural life
=650  \4$aTribal and national groups
=650  \4$aMissionaries
=700  1\$aAgostini, Alberto de$4drt
=773  0\$dWatertown, MA : Documentary Educational Resources (DER), 2007
=856  40$uhttp://www.aspresolver.com/aspresolver.asp?ANTH;1867473$yAlexander Street Press Ethnographic Video Online
=859  \\$aORR$bAlexander Street Press
=883  0\$aLanguage codes assigned by Bayesian analysis of words present in record$d20201028$qUk$c0.9010
=985  \\$aUpgraded by BSS-generated file for WR2011-1472
=CAT  \\$aWR13_071$b00$c20130610$lBLL01$h1613
=CAT  \\$aBATCH$b00$c20130610$lBLL01$h1613
=CAT  \\$aWR16_088$c20160606$lBLL01$h1632
=CAT  \\$aW1610-0368$c20161006$lBLL01$h0938
=CAT  \\$aW1606-1753$c20171028$lBLL01$h1352
=CAT  \\$aW2011-1472$b00$c20201127$lBLL01$h1833
=FIN  \\$aY$d20130610
=LAS  \\$aW2011-1472$b00$c20201127$lBLL01$h1833

