=LDR  01947 gm a2200493uu 4500
=001  016428386
=003  Uk
=005  20201127183329.0
=008  100813s1985\\\\xx\|||\|||||||||||mleng\d
=FMT  \\$a  VM
=035  \\$aASP765432/ant1
=245  00$aThe Pearl Fisher
=260  \\$aWatertown, MA$bDocumentary Educational Resources (DER)$c1985
=306  \\$a28 minutes
=490  0\$aEthnographic Video Online, Volume 1
=505  00$aThe freshwater pearl industry once flourished along Indiana's inland waterways. The Wabash, flowing south from Lafayette to join the Ohio at Mt. Vernon, bustled with the shallow boats of such fishermen, with about 600 operating around Vincennes alone.
=546  \\$aIn English
=650  04$aAmerican
=650  \4$aRivers
=650  \4$aJewelry
=650  \4$aCommercial fishing
=650  \4$aEnvironment
=700  1\$aLund, Jens.$4aut
=700  1\$aBustin, Dillon.$4drt
=700  1\$aBass, Barnett$4oth
=700  1\$aBass, Marge$4oth
=700  1\$aCohen, Nelson$4oth
=700  1\$aPalmer, Granville$4oth
=700  1\$aSimon, Leo$4oth
=700  1\$aSimon, Rob.$4oth
=773  0\$dWatertown, MA : Documentary Educational Resources (DER), 1985
=856  40$uhttp://www.aspresolver.com/aspresolver.asp?ANTH;765432$yAlexander Street Press Ethnographic Video Online
=859  \\$aORR$bAlexander Street Press
=883  0\$aLanguage codes assigned by Bayesian analysis of words present in record$d20201028$qUk$c0.9010
=985  \\$aUpgraded by BSS-generated file for WR2011-1472
=CAT  \\$aWR13_071$b00$c20130610$lBLL01$h1613
=CAT  \\$aBATCH$b00$c20130610$lBLL01$h1613
=CAT  \\$aWR16_088$c20160606$lBLL01$h1632
=CAT  \\$aBATCH-UPD$b00$c20160606$lBLL01$h1635
=CAT  \\$aW1610-0368$c20161006$lBLL01$h0938
=CAT  \\$aW1606-1753$c20171028$lBLL01$h1352
=CAT  \\$aW2011-1472$b00$c20201127$lBLL01$h1833
=FIN  \\$aY$d20130610
=LAS  \\$aW2011-1472$b00$c20201127$lBLL01$h1833

