=LDR  02036 gm a2200493uu 4500
=001  016428387
=003  Uk
=005  20201127183329.0
=008  100813s1990\\\\xx\|||\|||||||||||mleng\d
=FMT  \\$a  VM
=035  \\$aASP764396/ant1
=245  00$aA Peasant Chronicle in Gruyère (Chronique Paysanne en Gruyère )
=260  \\$aWatertown, MA$bDocumentary Educational Resources (DER)$c1990
=306  \\$a90 minutes
=490  0\$aEthnographic Video Online, Volume 1
=505  00$aThe shooting of this peasant chronicle in the Gruyère region of Switzerland lasted a whole year, from July 1989 to July 1990. A year of work and festivities in the family of Conrad and Louise Bapst, their children and grandchildren who live in La Roche (canton of Fribourg).
=546  \\$aIn French, Subtitles in English
=650  04$aSwiss
=650  \4$aMountains
=650  \4$aFarming
=650  \4$aChildren
=650  \4$aNuclear family
=650  \4$aRural population
=650  \4$aHerders
=650  \4$aAgriculture
=700  1\$aHenchoz, Jean-Marc.$4pro
=700  1\$aVeuve, Jacqueline.$4aut
=700  1\$aVeuve, Jacqueline.$4drt
=700  1\$aBabst, Conrad$4oth
=700  1\$aBabst, Louise$4oth
=773  0\$dWatertown, MA : Documentary Educational Resources (DER), 1990
=856  40$uhttp://www.aspresolver.com/aspresolver.asp?ANTH;764396$yAlexander Street Press Ethnographic Video Online
=859  \\$aORR$bAlexander Street Press
=883  0\$aLanguage codes assigned by Bayesian analysis of words present in record$d20201028$qUk$c0.9010
=985  \\$aUpgraded by BSS-generated file for WR2011-1472
=CAT  \\$aWR13_071$b00$c20130610$lBLL01$h1613
=CAT  \\$aBATCH$b00$c20130610$lBLL01$h1613
=CAT  \\$aWR16_088$c20160606$lBLL01$h1632
=CAT  \\$aBATCH-UPD$b00$c20160606$lBLL01$h1635
=CAT  \\$aW1610-0368$c20161006$lBLL01$h0938
=CAT  \\$aW1606-1753$c20171028$lBLL01$h1352
=CAT  \\$aW2011-1472$b00$c20201127$lBLL01$h1833
=FIN  \\$aY$d20130610
=LAS  \\$aW2011-1472$b00$c20201127$lBLL01$h1833

