=LDR  02038 gm a2200445uu 4500
=001  016428388
=003  Uk
=005  20201127183329.0
=008  100813s1988\\\\xx\|||\|||||||||||mleng\d
=FMT  \\$a  VM
=035  \\$aASP765068/ant1
=245  00$aPemp
=260  \\$aWatertown, MA$bDocumentary Educational Resources (DER)$c1988
=306  \\$a27 minutes
=490  0\$aEthnographic Video Online, Volume 1
=505  00$aThis video traces the resistance and strategy of the Parakatêjê (Gavião) during their 25-year struggle to maintain autonomy in the face of huge development projects in the south of Pará From their first disastrous contact with whites in the 1950s, to their current negotiations with government power companies, the video shows how the Gaviao have struggled to reclaim their forest land from developers and agricultural settlers.
=546  \\$aIn English
=650  04$aParakatêjê
=650  \4$aProperty rights
=650  \4$aReligious rites and ceremonies
=650  \4$aCultural identity
=650  \4$aTribal and national groups
=700  1\$aCarelli, Vincent.$4aut
=700  1\$aCarelli, Vincent.$4drt
=700  1\$aKokrenum$4oth
=700  1\$aHoops, Frieda$4nrt
=773  0\$dWatertown, MA : Documentary Educational Resources (DER), 1988
=856  40$uhttp://www.aspresolver.com/aspresolver.asp?ANTH;765068$yAlexander Street Press Ethnographic Video Online
=859  \\$aORR$bAlexander Street Press
=883  0\$aLanguage codes assigned by Bayesian analysis of words present in record$d20201028$qUk$c0.9010
=985  \\$aUpgraded by BSS-generated file for WR2011-1472
=CAT  \\$aWR13_071$b00$c20130610$lBLL01$h1613
=CAT  \\$aBATCH$b00$c20130610$lBLL01$h1613
=CAT  \\$aWR16_088$c20160606$lBLL01$h1632
=CAT  \\$aBATCH-UPD$b00$c20160606$lBLL01$h1635
=CAT  \\$aW1610-0368$c20161006$lBLL01$h0938
=CAT  \\$aW1606-1753$c20171028$lBLL01$h1352
=CAT  \\$aW2011-1472$b00$c20201127$lBLL01$h1833
=FIN  \\$aY$d20130610
=LAS  \\$aW2011-1472$b00$c20201127$lBLL01$h1833

