=LDR  01830 gm a2200433uu 4500
=001  016428389
=003  Uk
=005  20201127183329.0
=008  100813s1978\\\\xx\|||\|||||||||||mleng\d
=FMT  \\$a  VM
=035  \\$aASP765072/ant1
=245  00$aPepe's Family
=260  \\$aWatertown, MA$bDocumentary Educational Resources (DER)$c1978
=306  \\$a41 minutes
=490  0\$aEthnographic Video Online, Volume 1
=505  00$aThe concerns of a migrant laborer who works in Germany are portrayed during his holiday visit - his social networks, his present foreign experiences, and his plans for the future of his family. When his father insists on remaining in the rural area, he must decide whether to move his large family to a factory town.
=546  \\$aIn English
=650  04$aSpanish
=650  \4$aFamily separation
=650  \4$aFarm work
=650  \4$aMigrant life
=650  \4$aFamily
=700  1\$aMintz, Jerome$4aut
=700  1\$aMintz, Jerome$4drt
=700  0\$aPepe.$4oth
=773  0\$dWatertown, MA : Documentary Educational Resources (DER), 1978
=856  40$uhttp://www.aspresolver.com/aspresolver.asp?ANTH;765072$yAlexander Street Press Ethnographic Video Online
=859  \\$aORR$bAlexander Street Press
=883  0\$aLanguage codes assigned by Bayesian analysis of words present in record$d20201028$qUk$c0.9010
=985  \\$aUpgraded by BSS-generated file for WR2011-1472
=CAT  \\$aWR13_071$b00$c20130610$lBLL01$h1613
=CAT  \\$aBATCH$b00$c20130610$lBLL01$h1613
=CAT  \\$aBATCH-UPD$b00$c20130610$lBLL01$h1622
=CAT  \\$aWR16_088$c20160606$lBLL01$h1632
=CAT  \\$aW1610-0368$c20161006$lBLL01$h0938
=CAT  \\$aW1606-1753$c20171028$lBLL01$h1352
=CAT  \\$aW2011-1472$b00$c20201127$lBLL01$h1833
=FIN  \\$aY$d20130610
=LAS  \\$aW2011-1472$b00$c20201127$lBLL01$h1833

