=LDR  02114 gm a2200481uu 4500
=001  016428390
=003  Uk
=005  20201127183329.0
=008  100813s1997\\\\xx\|||\|||||||||||mleng\d
=FMT  \\$a  VM
=035  \\$aASP765074/ant1
=245  00$aPepino Mango Nance
=260  \\$aWatertown, MA$bDocumentary Educational Resources (DER)$c1997
=306  \\$a11 minutes
=490  0\$aEthnographic Video Online, Volume 1
=505  00$aRecorded in 1995
=520  3\$aPepino Mango Nance was a class project made under the strict "rules" of CNTV 508 (at USC). The rules of the class were: the film had to be non-sync 16 mm, the number of shoot days could not exceed 10, the shooting ratio could not be more than 1:3, only two sessions of 4 hours each were allowed for the sound mix, and the finished film could not be longer than 400 Feet in length (approx. 11 minutes).
=546  \\$aIn English
=650  04$aCentral American
=650  \4$aMusic composition
=650  \4$aImmigration and emigration
=650  \4$aEconomics
=650  \4$aUrban life
=700  1\$aGoslinga-Roy, Gillian.$4aut
=700  1\$aRoy, Bann.$4aut
=700  1\$aGoslinga-Roy, Gillian.$4drt
=700  1\$aRoy, Bann.$4drt
=700  1\$aGonzalez, Joseph.$4oth
=700  1\$aLemus, Marta-Julia$4oth
=773  0\$dWatertown, MA : Documentary Educational Resources (DER), 1997
=856  40$uhttp://www.aspresolver.com/aspresolver.asp?ANTH;765074$yAlexander Street Press Ethnographic Video Online
=859  \\$aORR$bAlexander Street Press
=883  0\$aLanguage codes assigned by Bayesian analysis of words present in record$d20201028$qUk$c0.9010
=985  \\$aUpgraded by BSS-generated file for WR2011-1472
=CAT  \\$aWR13_071$b00$c20130610$lBLL01$h1613
=CAT  \\$aBATCH$b00$c20130610$lBLL01$h1613
=CAT  \\$aWR16_088$c20160606$lBLL01$h1632
=CAT  \\$aBATCH-UPD$b00$c20160606$lBLL01$h1635
=CAT  \\$aW1610-0368$c20161006$lBLL01$h0938
=CAT  \\$aW1606-1753$c20171028$lBLL01$h1352
=CAT  \\$aW2011-1472$b00$c20201127$lBLL01$h1833
=FIN  \\$aY$d20130610
=LAS  \\$aW2011-1472$b00$c20201127$lBLL01$h1833

