=LDR  02036 gm a2200529uu 4500
=001  016428392
=003  Uk
=005  20201127183329.0
=008  100813s1989\\\\xx\|||\|||||||||||mleng\d
=FMT  \\$a  VM
=035  \\$aASP765078/ant1
=245  00$aPeter, Donald, Willie, Pat
=260  \\$aWatertown, MA$bDocumentary Educational Resources (DER)$c1989
=306  \\$a48 minutes
=490  0\$aEthnographic Video Online, Volume 1
=505  00$aPeter, Donald, Willie, Pat is a portrait of four homeless men who live in a shelter in Boston. The tape follows them through their routine at the shelter, and documents their lives on the streets.
=546  \\$aIn English
=650  04$aAmerican
=650  \4$aPoverty
=650  \4$aHomeless shelters
=650  \4$aHomeless life
=650  \4$aEconomic conditions
=650  \4$aChild abuse
=700  1\$aKaufman, Jim$4pro
=700  1\$aKaufman, Jim$4aut
=700  1\$aMajoros, Mike.$4aut
=700  1\$aKaufman, Jim$4drt
=700  1\$aMajoros, Mike.$4drt
=700  1\$aBurke, Patrick.$4oth
=700  1\$aKasis, Donald$4oth
=700  1\$aOdware, William$4oth
=700  1\$aRoy, Peter.$4oth
=773  0\$dWatertown, MA : Documentary Educational Resources (DER), 1989
=856  40$uhttp://www.aspresolver.com/aspresolver.asp?ANTH;765078$yAlexander Street Press Ethnographic Video Online
=859  \\$aORR$bAlexander Street Press
=883  0\$aLanguage codes assigned by Bayesian analysis of words present in record$d20201028$qUk$c0.9010
=985  \\$aUpgraded by BSS-generated file for WR2011-1472
=CAT  \\$aWR13_071$b00$c20130610$lBLL01$h1613
=CAT  \\$aBATCH$b00$c20130610$lBLL01$h1613
=CAT  \\$aBATCH-UPD$b00$c20141221$lBLL01$h1720
=CAT  \\$aWR16_088$c20160606$lBLL01$h1632
=CAT  \\$aBATCH-UPD$b00$c20160606$lBLL01$h1635
=CAT  \\$aW1610-0368$c20161006$lBLL01$h0938
=CAT  \\$aW1606-1753$c20171028$lBLL01$h1352
=CAT  \\$aW2011-1472$b00$c20201127$lBLL01$h1833
=FIN  \\$aY$d20130610
=LAS  \\$aW2011-1472$b00$c20201127$lBLL01$h1833

