=LDR  02604 gm a2200613uu 4500
=001  016428393
=003  Uk
=005  20201127183329.0
=008  100813s1979\\\\xx\|||\|||||||||||mleng\d
=FMT  \\$a  VM
=035  \\$aASP765080/ant1
=245  00$aPhans of Jersey City
=260  \\$aWatertown, MA$bDocumentary Educational Resources (DER)$c1979
=306  \\$a49 minutes
=490  0\$aEthnographic Video Online, Volume 1
=505  00$aA true gem of 1970s American cinema verite filmmaking re-released! The Phans of Jersey City fills a gap in our cinematic history of Vietnam by documenting a South Vietnamese family recently relocated to the United States. Evoking the realist style and domestic drama of An American Family, the filmmakers lived with the Phans in order to achieve a remarkably intimate and detailed portrait of a family in transition as well as a country in transition.
=546  \\$aIn English, Subtitles in English
=650  04$aVietnamese
=650  \4$aTribal and national groups
=650  \4$aRefugees
=650  \4$aIntergenerational conflict
=650  \4$aSocial classes
=650  \4$aImmigrant populations
=650  \4$aCultural assimilation
=700  1\$aFink, Abbie$4pro
=700  1\$aForman, Stephen L.$4pro
=700  1\$aFink, Abbie$4aut
=700  1\$aForman, Stephen L.$4aut
=700  1\$aFraker, John N.$4aut
=700  1\$aLanson, Dennis.$4aut
=700  1\$aForman, Stephen L.$4drt
=700  1\$aLanson, Dennis.$4drt
=700  1\$aPhan, Anh.$4oth
=700  1\$aPhan, Cuong$4oth
=700  1\$aPhan, Dien$4oth
=700  1\$aPhan, Dũng.$4oth
=700  1\$aPhan, Lan$4oth
=700  1\$aPhan, Mary$4oth
=773  0\$dWatertown, MA : Documentary Educational Resources (DER), 1979
=856  40$uhttp://www.aspresolver.com/aspresolver.asp?ANTH;765080$yAlexander Street Press Ethnographic Video Online
=859  \\$aORR$bAlexander Street Press
=883  0\$aLanguage codes assigned by Bayesian analysis of words present in record$d20201028$qUk$c0.9010
=985  \\$aUpgraded by BSS-generated file for WR2011-1472
=CAT  \\$aWR13_071$b00$c20130610$lBLL01$h1613
=CAT  \\$aBATCH$b00$c20130610$lBLL01$h1613
=CAT  \\$aBATCH-UPD$b00$c20141220$lBLL01$h0910
=CAT  \\$aWR16_088$c20160606$lBLL01$h1632
=CAT  \\$aBATCH-UPD$b00$c20160606$lBLL01$h1635
=CAT  \\$aW1610-0368$c20161006$lBLL01$h0938
=CAT  \\$aBATCH-UPD$b00$c20161210$lBLL01$h1723
=CAT  \\$aW1606-1753$c20171028$lBLL01$h1352
=CAT  \\$aW2011-1472$b00$c20201127$lBLL01$h1833
=FIN  \\$aY$d20130610
=LAS  \\$aW2011-1472$b00$c20201127$lBLL01$h1833

