=LDR  02112 gm a2200457uu 4500
=001  016428394
=003  Uk
=005  20201127183329.0
=008  100813s1992\\\\xx\|||\|||||||||||mleng\d
=FMT  \\$a  VM
=035  \\$aASP765082/ant1
=245  00$aPiemule
=260  \\$aWatertown, MA$bDocumentary Educational Resources (DER)$c1992
=306  \\$a43 minutes
=490  0\$aEthnographic Video Online, Volume 1
=505  00$aPiemule is a film about an ethnic group of Czechs that settled over a hundred and fifty years ago in the hills not far from Timisoara, Romania. Craftsmen and farmers, the ancestors of today's residents came to the Romanian highlands around the year 1822 with their families. Director Jana Sevikova succeeds in capturing the way of life in Rovensko, a remote village where time is measured by the changing seasons and their respective religious ceremonies and rituals.
=546  \\$aIn Czech, Subtitles in English
=650  04$aCzech
=650  \4$aDaily life
=650  \4$aReligion
=650  \4$aAgriculture
=650  \4$aTotalitarianism
=650  \4$aCultural change and history
=650  \4$aCultural identity
=700  1\$aŠevčíková, Jana.$4pro
=700  1\$aŠevčíková, Jana.$4aut
=700  1\$aŠevčíková, Jana.$4drt
=773  0\$dWatertown, MA : Documentary Educational Resources (DER), 1992
=856  40$uhttp://www.aspresolver.com/aspresolver.asp?ANTH;765082$yAlexander Street Press Ethnographic Video Online
=859  \\$aORR$bAlexander Street Press
=883  0\$aLanguage codes assigned by Bayesian analysis of words present in record$d20201028$qUk$c0.9010
=985  \\$aUpgraded by BSS-generated file for WR2011-1472
=CAT  \\$aWR13_071$b00$c20130610$lBLL01$h1613
=CAT  \\$aBATCH$b00$c20130610$lBLL01$h1613
=CAT  \\$aWR16_088$c20160606$lBLL01$h1632
=CAT  \\$aBATCH-UPD$b00$c20160606$lBLL01$h1635
=CAT  \\$aW1610-0368$c20161006$lBLL01$h0938
=CAT  \\$aW1606-1753$c20171028$lBLL01$h1352
=CAT  \\$aW2011-1472$b00$c20201127$lBLL01$h1833
=FIN  \\$aY$d20130610
=LAS  \\$aW2011-1472$b00$c20201127$lBLL01$h1833

