=LDR  02067 gm a2200445uu 4500
=001  016428395
=003  Uk
=005  20201127183329.0
=008  100813s1987\\\\xx\|||\|||||||||||mleng\d
=FMT  \\$a  VM
=035  \\$aASP765084/ant1
=245  00$aPink Mountain Sand
=260  \\$aWatertown, MA$bDocumentary Educational Resources (DER)$c1987
=306  \\$a26 minutes
=490  0\$aEthnographic Video Online, Volume 1
=505  00$aLong ago, there were no roads to the chalets in the high mountain pastures. All the material for a new chalet had to be carried up by man or mule, so the peasants who built and cared for these chalets used the nearest rocks available and found a way to extract the sand needed for cement right on the spot. They used to burn clods of earth for three days until all vegetable residue was burned away and only the minerals remained as pink sand.
=546  \\$aIn French, Subtitles in English
=650  04$aSwiss
=650  \4$aBuildings
=650  \4$aCultural change and history
=650  \4$aConstruction materials
=650  \4$aStonemasons
=700  1\$aHenchoz, Jean-Marc.$4pro
=700  1\$aVeuve, Jacqueline.$4aut
=700  1\$aVeuve, Jacqueline.$4drt
=700  1\$aChillier, Henri$4oth
=773  0\$dWatertown, MA : Documentary Educational Resources (DER), 1987
=856  40$uhttp://www.aspresolver.com/aspresolver.asp?ANTH;765084$yAlexander Street Press Ethnographic Video Online
=859  \\$aORR$bAlexander Street Press
=883  0\$aLanguage codes assigned by Bayesian analysis of words present in record$d20201028$qUk$c0.9010
=985  \\$aUpgraded by BSS-generated file for WR2011-1472
=CAT  \\$aWR13_071$b00$c20130610$lBLL01$h1613
=CAT  \\$aBATCH$b00$c20130610$lBLL01$h1613
=CAT  \\$aWR16_088$c20160606$lBLL01$h1632
=CAT  \\$aBATCH-UPD$b00$c20160606$lBLL01$h1635
=CAT  \\$aW1610-0368$c20161006$lBLL01$h0938
=CAT  \\$aW1606-1753$c20171028$lBLL01$h1352
=CAT  \\$aW2011-1472$b00$c20201127$lBLL01$h1833
=FIN  \\$aY$d20130610
=LAS  \\$aW2011-1472$b00$c20201127$lBLL01$h1833

