=LDR  01904 gm a2200421uu 4500
=001  016428396
=003  Uk
=005  20201127183329.0
=008  100813s1984\\\\xx\|||\|||||||||||mleng\d
=FMT  \\$a  VM
=035  \\$aASP765086/ant1
=245  00$aPintor Campesino (Peasant Painter)
=260  \\$aWatertown, MA$bDocumentary Educational Resources (DER)$c1984
=306  \\$a17 minutes
=490  0\$aEthnographic Video Online, Volume 1
=505  00$aCleto Rojas, a peasant painter in Venezuela, discusses his artwork. From movies and Roman mythology to his own dreams and scenes of rural life, Rojas takes inspiration from all sources and transforms the world around him into fantastic visions. He teaches village children his technique of using house-paint on canvas, as his wife goes about her own housework, singing slowly.
=546  \\$aIn English
=650  04$aVenezuelan
=650  \4$aPainters
=650  \4$aPaintings
=700  1\$aDickinson, John.$4pro
=700  1\$aDickinson, John.$4aut
=700  1\$aDickinson, John.$4drt
=700  1\$aRojas, Cleto$4oth
=773  0\$dWatertown, MA : Documentary Educational Resources (DER), 1984
=856  40$uhttp://www.aspresolver.com/aspresolver.asp?ANTH;765086$yAlexander Street Press Ethnographic Video Online
=859  \\$aORR$bAlexander Street Press
=883  0\$aLanguage codes assigned by Bayesian analysis of words present in record$d20201028$qUk$c0.9010
=985  \\$aUpgraded by BSS-generated file for WR2011-1472
=CAT  \\$aWR13_071$b00$c20130610$lBLL01$h1613
=CAT  \\$aBATCH$b00$c20130610$lBLL01$h1613
=CAT  \\$aWR16_088$c20160606$lBLL01$h1632
=CAT  \\$aBATCH-UPD$b00$c20160606$lBLL01$h1635
=CAT  \\$aW1610-0368$c20161006$lBLL01$h0938
=CAT  \\$aW1606-1753$c20171028$lBLL01$h1352
=CAT  \\$aW2011-1472$b00$c20201127$lBLL01$h1833
=FIN  \\$aY$d20130610
=LAS  \\$aW2011-1472$b00$c20201127$lBLL01$h1833

