=LDR  02640 gm a2200625uu 4500
=001  016428398
=003  Uk
=005  20201127183329.0
=008  100813s2006\\\\xx\|||\|||||||||||mleng\d
=FMT  \\$a  VM
=035  \\$aASP806953/ant1
=245  00$aPlay, Jankunú Play - The Garifuna Wanaragua Ritual of Belize
=260  \\$aWatertown, MA$bDocumentary Educational Resources (DER)$c2006
=306  \\$a44 minutes
=490  0\$aEthnographic Video Online, Volume 1
=505  00$aThe Garifuna are a Central American people of West African and Native American descent. One of their most popular rituals is wanaragua, a three-fold system of masked Christmas processionals commonly called Jankunú. This ritual is a unique blend of African, European, and Native American (Arawak and Carib) art traditions in which social and cultural identities are expressed through music, dance, and costume.
=546  \\$aIn English
=650  04$aGarifuna
=650  \4$aCostumes
=650  \4$aGender roles
=650  \4$aReligious rites and ceremonies
=650  \4$aSocial dances
=650  \4$aCultural change and history
=650  \4$aCultural identity
=650  \4$aTribal and national groups
=700  1\$aGreen, Oliver N.$4pro
=700  1\$aGreen, Oliver N.$4aut
=700  1\$aGreen, Oliver N.$4drt
=700  1\$aArana, Joshua$4oth
=700  1\$aCastillo, Ignacia$4oth
=700  1\$aCayetano, Roy.$4oth
=700  1\$aCayetano, Sebastian.$4oth
=700  1\$aJohnson, Tyson.$4oth
=700  1\$aMariano, John.$4oth
=700  1\$aPalacio, Joseph$4oth
=700  1\$aThomas, Angel$4oth
=700  1\$aTrigueño, Darren$4oth
=700  1\$aValentine, Jerris J.$4oth
=700  1\$aCastillo, Brian.$4nrt
=700  1\$aGreen, Oliver N.$4nrt
=773  0\$dWatertown, MA : Documentary Educational Resources (DER), 2006
=856  40$uhttp://www.aspresolver.com/aspresolver.asp?ANTH;806953$yAlexander Street Press Ethnographic Video Online
=859  \\$aORR$bAlexander Street Press
=883  0\$aLanguage codes assigned by Bayesian analysis of words present in record$d20201028$qUk$c0.9010
=985  \\$aUpgraded by BSS-generated file for WR2011-1472
=CAT  \\$aWR13_071$b00$c20130610$lBLL01$h1613
=CAT  \\$aBATCH$b00$c20130610$lBLL01$h1613
=CAT  \\$aBATCH-UPD$b00$c20141212$lBLL01$h2336
=CAT  \\$aBATCH-UPD$b00$c20150430$lBLL01$h2018
=CAT  \\$aWR16_088$c20160606$lBLL01$h1632
=CAT  \\$aW1610-0368$c20161006$lBLL01$h0938
=CAT  \\$aW1606-1753$c20171028$lBLL01$h1352
=CAT  \\$aW2011-1472$b00$c20201127$lBLL01$h1833
=FIN  \\$aY$d20130610
=LAS  \\$aW2011-1472$b00$c20201127$lBLL01$h1833

