=LDR  02603 gm a2200397uu 4500
=001  016428401
=003  Uk
=005  20201127183329.0
=008  100813s9999\\\\xx\|||\|||||||||||mleng\d
=FMT  \\$a  VM
=035  \\$aASP1796853/ant1
=245  00$aPolynesian Odyssey
=260  \\$aParis, France$bPoint du Jour International
=306  \\$a52 minutes
=490  0\$aEthnographic Video Online, Volume 1
=520  3\$aLost in the vast expanse of the Pacific Ocean, the Polynesian islands are like an oasis in a maritime desert. Hawaii, the Easter Islands, New Zealand, French Polynesia... All of these islands are inhabited by one and the same people: the Polynesians. Men landed on these volcanic shores lined with coconut trees at the dawn of time. Where did they come from? From South America, from Asia? Did they just "drift" to these islands by chance or accident or did they populate these islands with purpose and intent? The answer to this mystery has been holding travellers in thrall.Throughout the 20th century, many explorers and scientists from all over the world set out to unravel the enigma: Eric de Bisschop, Thor Heyerdahl, Francis Cowan, David Lewis, James Siers... They discovered the forgotten history of an ancient boat, the double pirogue, and how to navigate without compass - to be guided only by the stars, the currents and the birds, just like the ancient seafarers.Their adventures confirm more recent scientific discoveries. 1500 years before Magellan first sailed around the world, the Polynesians had already colonised methodically the smallest specks of land in this vast Ocean...
=546  \\$aIn French, English, Subtitles in English
=650  04$aPolynesian
=650  \4$aBoat trips
=650  \4$aIslands
=650  \4$aExploration
=650  \4$aBoats and ships
=700  1\$aComte, Olivier$4drt
=773  0\$dParis, France : Point du Jour International
=856  40$uhttp://www.aspresolver.com/aspresolver.asp?ANTH;1796853$yAlexander Street Press Ethnographic Video Online
=859  \\$aORR$bAlexander Street Press
=883  0\$aLanguage codes assigned by Bayesian analysis of words present in record$d20201028$qUk$c0.9010
=985  \\$aUpgraded by BSS-generated file for WR2011-1472
=CAT  \\$aWR13_071$b00$c20130610$lBLL01$h1613
=CAT  \\$aBATCH$b00$c20130610$lBLL01$h1613
=CAT  \\$aWR16_088$c20160606$lBLL01$h1632
=CAT  \\$aW1610-0368$c20161006$lBLL01$h0938
=CAT  \\$aW1606-1753$c20171028$lBLL01$h1352
=CAT  \\$aW2011-1472$b00$c20201127$lBLL01$h1833
=FIN  \\$aY$d20130610
=LAS  \\$aW2011-1472$b00$c20201127$lBLL01$h1833

