=LDR  02047 gm a2200457uu 4500
=001  016428402
=003  Uk
=005  20201127183329.0
=008  100813s2006\\\\xx\|||\|||||||||||mleng\d
=FMT  \\$a  VM
=035  \\$aASP765092/ant1
=245  00$aPopol Vuh
=260  \\$aWatertown, MA$bDocumentary Educational Resources (DER)$c2006
=306  \\$a11 minutes
=490  0\$aEthnographic Video Online, Volume 1
=505  00$aThis animated short from Guatemala tells the tale of creation based on "Popul Vuh: the Ancient Stories of the Quiché," written by the indigenous Maya Quiché people after the Spanish Conquest. The vibrant illustrations are taken from Mayan codices, paintings found on vessels, and stones carved with scenes from the "Popul Vuh" between the years 300-900 A.D.
=546  \\$aIn Spanish, Subtitles in English
=650  04$aK'iche' (Quiché) Maya
=650  \4$aCultural identity
=650  \4$aTribal and national groups
=650  \4$aRecorded history
=650  \4$aCultural change and history
=650  \4$aMyths and legends
=700  1\$aPavez, Ana María.$4pro
=700  1\$aPavez, Ana María.$4aut
=700  1\$aPavez, Ana María.$4drt
=700  1\$aRossel, Arturo$4nrt
=773  0\$dWatertown, MA : Documentary Educational Resources (DER), 2006
=856  40$uhttp://www.aspresolver.com/aspresolver.asp?ANTH;765092$yAlexander Street Press Ethnographic Video Online
=859  \\$aORR$bAlexander Street Press
=883  0\$aLanguage codes assigned by Bayesian analysis of words present in record$d20201028$qUk$c0.9010
=985  \\$aUpgraded by BSS-generated file for WR2011-1472
=CAT  \\$aWR13_071$b00$c20130610$lBLL01$h1613
=CAT  \\$aBATCH$b00$c20130610$lBLL01$h1613
=CAT  \\$aBATCH-UPD$b00$c20160205$lBLL01$h2019
=CAT  \\$aWR16_088$c20160606$lBLL01$h1632
=CAT  \\$aW1610-0368$c20161006$lBLL01$h0938
=CAT  \\$aW1606-1753$c20171028$lBLL01$h1352
=CAT  \\$aW2011-1472$b00$c20201127$lBLL01$h1833
=FIN  \\$aY$d20130610
=LAS  \\$aW2011-1472$b00$c20201127$lBLL01$h1833

