=LDR  02273 gm a2200445uu 4500
=001  016428404
=003  Uk
=005  20201127183329.0
=008  100813s9999\\\\xx\|||\|||||||||||mleng\d
=FMT  \\$a  VM
=035  \\$aASP1689382/ant1
=245  00$aPortrait of Altine in the Dry Season
=260  \\$aNew York, NY$bFilmakers Library
=306  \\$a25 minutes
=490  0\$aEthnographic Video Online, Volume 1
=505  00$aTwenty-seven year old Altine is a mother of two, living on the plains of Northern Senegal. As we watch her going about her daily chores, rhythmically threshing the millet, cooking over an open fire, she tells us of her aspirations. Her strongest wish is for adequate food, good health, and to remain close to her family. Images of Western life have not penetrated her village which is three hours from a paved road. This cinematically beautiful film captures life in the dry season which lasts nine months. Cows and goats share the dusty landscape. Villagers trek great distances to bring back the heavy load of water for daily needs. Although life is difficult, there is a dignity about the people.
=546  \\$aIn English, Subtitles in English
=650  04$aSenegalese
=650  \4$aDaily life
=650  \4$aDomestic chores
=650  \4$aWater supply
=700  1\$aGropplero, Andrea.$4pro
=700  1\$aMereghetti, Elisa.$4aut
=700  1\$aMensa, Marco.$4drt
=700  1\$aMereghetti, Elisa.$4drt
=700  1\$aBa, Altinè$4oth
=773  0\$dNew York, NY : Filmakers Library
=856  40$uhttp://www.aspresolver.com/aspresolver.asp?ANTH;1689382$yAlexander Street Press Ethnographic Video Online
=859  \\$aORR$bAlexander Street Press
=883  0\$aLanguage codes assigned by Bayesian analysis of words present in record$d20201028$qUk$c0.9010
=985  \\$aUpgraded by BSS-generated file for WR2011-1472
=CAT  \\$aWR13_071$b00$c20130610$lBLL01$h1613
=CAT  \\$aBATCH$b00$c20130610$lBLL01$h1613
=CAT  \\$aWR16_088$c20160606$lBLL01$h1632
=CAT  \\$aBATCH-UPD$b00$c20160606$lBLL01$h1635
=CAT  \\$aW1610-0368$c20161006$lBLL01$h0938
=CAT  \\$aW1606-1753$c20171028$lBLL01$h1352
=CAT  \\$aW2011-1472$b00$c20201127$lBLL01$h1833
=FIN  \\$aY$d20130610
=LAS  \\$aW2011-1472$b00$c20201127$lBLL01$h1833

