=LDR  01738 gm a2200481uu 4500
=001  016428406
=003  Uk
=005  20201127183329.0
=008  100813s1991\\\\xx\|||\|||||||||||mleng\d
=FMT  \\$a  VM
=035  \\$aASP1689485/ant1
=245  00$aPortraits from a Dream Show
=260  \\$aLondon, England$bBritish Broadcasting Corporation (BBC)$c1991
=306  \\$a50 minutes
=490  0\$aEthnographic Video Online, Volume 1
=505  00$aIndian
=650  \4$aCircus workers
=650  \4$aCircuses
=650  \4$aEmotions and feelings
=650  \4$aBehavior
=700  1\$aDatta, Manjira.$4pro
=700  1\$aDatta, Manjira.$4aut
=700  0\$aPratimā.$4oth
=700  1\$aRamani.$4oth
=700  1\$aSandow, Baby$4oth
=700  1\$aTiwari, Ganesh$4oth
=700  1\$aViswanth$4oth
=773  0\$dLondon, England : British Broadcasting Corporation (BBC), 1991
=856  40$uhttp://www.aspresolver.com/aspresolver.asp?ANTH;1689485$yAlexander Street Press Ethnographic Video Online
=859  \\$aORR$bAlexander Street Press
=883  0\$aLanguage codes assigned by Bayesian analysis of words present in record$d20201028$qUk$c0.9010
=985  \\$aUpgraded by BSS-generated file for WR2011-1472
=CAT  \\$aWR13_071$b00$c20130610$lBLL01$h1613
=CAT  \\$aBATCH$b00$c20130610$lBLL01$h1613
=CAT  \\$aBATCH-UPD$b00$c20130610$lBLL01$h1622
=CAT  \\$aBATCH-UPD$b00$c20140831$lBLL01$h2110
=CAT  \\$aWR16_088$c20160606$lBLL01$h1632
=CAT  \\$aBATCH-UPD$b00$c20160606$lBLL01$h1635
=CAT  \\$aW1610-0368$c20161006$lBLL01$h0938
=CAT  \\$aW1606-1753$c20171028$lBLL01$h1352
=CAT  \\$aW2011-1472$b00$c20201127$lBLL01$h1833
=FIN  \\$aY$d20130610
=LAS  \\$aW2011-1472$b00$c20201127$lBLL01$h1833

