=LDR  02235 gm a2200541uu 4500
=001  016428407
=003  Uk
=005  20201127183329.0
=008  100813s1989\\\\xx\|||\|||||||||||mleng\d
=FMT  \\$a  VM
=035  \\$aASP765100/ant1
=245  00$aPowerhouse for God
=260  \\$aWatertown, MA$bDocumentary Educational Resources (DER)$c1989
=306  \\$a58 minutes
=490  0\$aEthnographic Video Online, Volume 1
=505  00$aPowerhouse for God is a stunning portrait of an old-fashioned Baptist preacher, his family, and their church in Virginia's northern Blue Ridge Mountains. Audiences who were born and raised among old-time southern Baptists say this film captures the fierce preaching, determined singing, autobiographical witnessing, and stern doctrine that characterizes these religious communities.
=546  \\$aIn English
=650  04$aAmerican
=650  \4$aSpirituality
=650  \4$aPreaching
=650  \4$aReligious beliefs
=650  \4$aBaptist
=650  \4$aChristianity
=700  1\$aRankin, Tom.$4pro
=700  1\$aTiton, Jeff Todd$4pro
=700  1\$aDornfeld, Barry$4pro
=700  1\$aRankin, Tom.$4aut
=700  1\$aTiton, Jeff Todd$4aut
=700  1\$aDornfeld, Barry$4aut
=700  1\$aRankin, Tom.$4drt
=700  1\$aTiton, Jeff Todd$4drt
=700  1\$aDornfeld, Barry$4drt
=700  1\$aSherfey, John$4oth
=700  1\$aTiton, Jeff Todd$4nrt
=773  0\$dWatertown, MA : Documentary Educational Resources (DER), 1989
=856  40$uhttp://www.aspresolver.com/aspresolver.asp?ANTH;765100$yAlexander Street Press Ethnographic Video Online
=859  \\$aORR$bAlexander Street Press
=883  0\$aLanguage codes assigned by Bayesian analysis of words present in record$d20201028$qUk$c0.9010
=985  \\$aUpgraded by BSS-generated file for WR2011-1472
=CAT  \\$aWR13_071$b00$c20130610$lBLL01$h1613
=CAT  \\$aBATCH$b00$c20130610$lBLL01$h1613
=CAT  \\$aWR16_088$c20160606$lBLL01$h1632
=CAT  \\$aBATCH-UPD$b00$c20160606$lBLL01$h1635
=CAT  \\$aW1610-0368$c20161006$lBLL01$h0938
=CAT  \\$aW1606-1753$c20171028$lBLL01$h1352
=CAT  \\$aW2011-1472$b00$c20201127$lBLL01$h1833
=FIN  \\$aY$d20130610
=LAS  \\$aW2011-1472$b00$c20201127$lBLL01$h1833

