=LDR  01758 gm a2200445uu 4500
=001  016428409
=003  Uk
=005  20201127183329.0
=008  100813s1997\\\\xx\|||\|||||||||||mleng\d
=FMT  \\$a  VM
=035  \\$aASP765102/ant1
=245  00$aPrimate Patterns II
=260  \\$aWatertown, MA$bDocumentary Educational Resources (DER)$c1997
=306  \\$a31 minutes
=490  0\$aEthnographic Video Online, Volume 1
=505  00$aThis video compares 3 species of monkey, one prosimian and two types of apes, all living in a zoo setting. These are Japanese macaques, lion tail macaques, mandrills, black lemurs, orangutans and lowland gorillas.
=546  \\$aIn English
=650  \4$aApes
=650  \4$aMonkeys
=650  \4$aZoology
=650  \4$aBiology
=650  \4$aPrimates
=700  1\$aZeller, Anne.$4pro
=700  1\$aZeller, Anne.$4aut
=700  1\$aZeller, Anne.$4drt
=700  1\$aZeller, Anne.$4nrt
=773  0\$dWatertown, MA : Documentary Educational Resources (DER), 1997
=856  40$uhttp://www.aspresolver.com/aspresolver.asp?ANTH;765102$yAlexander Street Press Ethnographic Video Online
=859  \\$aORR$bAlexander Street Press
=883  0\$aLanguage codes assigned by Bayesian analysis of words present in record$d20201028$qUk$c0.9010
=985  \\$aUpgraded by BSS-generated file for WR2011-1472
=CAT  \\$aWR13_071$b00$c20130610$lBLL01$h1613
=CAT  \\$aBATCH$b00$c20130610$lBLL01$h1613
=CAT  \\$aWR16_088$c20160606$lBLL01$h1632
=CAT  \\$aBATCH-UPD$b00$c20160606$lBLL01$h1635
=CAT  \\$aW1610-0368$c20161006$lBLL01$h0938
=CAT  \\$aW1606-1753$c20171028$lBLL01$h1352
=CAT  \\$aW2011-1472$b00$c20201127$lBLL01$h1833
=FIN  \\$aY$d20130610
=LAS  \\$aW2011-1472$b00$c20201127$lBLL01$h1833

