=LDR  01993 gm a2200469uu 4500
=001  016428411
=003  Uk
=005  20201127183329.0
=008  100813s2006\\\\xx\|||\|||||||||||mleng\d
=FMT  \\$a  VM
=035  \\$aASP765106/ant1
=245  00$aPrison Pups
=260  \\$aWatertown, MA$bDocumentary Educational Resources (DER)$c2006
=306  \\$a58 minutes
=490  0\$aEthnographic Video Online, Volume 1
=505  00$aPrison Pups follows four inmates as they raise and train service dogs for the handicapped and hearing impaired. At Concord Farm, a minimum-security facility in Massachusetts, these inmates learn to take on the responsibility of a puppy and find in themselves not only a sense of confidence but also a capacity for nurturing and affection.
=546  \\$aIn English
=650  04$aAmerican
=650  \4$aRehabilitation
=650  \4$aPrisoners
=650  \4$aDogs
=700  1\$aBouvrie, Alice Dungan.$4pro
=700  1\$aBouvrie, Alice Dungan.$4aut
=700  1\$aBouvrie, Alice Dungan.$4drt
=700  1\$aRicard, Paula$4oth
=700  1\$aBissonnette, Lynn$4oth
=700  1\$aPerrin, Gary$4oth
=700  1\$aGoonan, Don$4nrt
=773  0\$dWatertown, MA : Documentary Educational Resources (DER), 2006
=856  40$uhttp://www.aspresolver.com/aspresolver.asp?ANTH;765106$yAlexander Street Press Ethnographic Video Online
=859  \\$aORR$bAlexander Street Press
=883  0\$aLanguage codes assigned by Bayesian analysis of words present in record$d20201028$qUk$c0.9010
=985  \\$aUpgraded by BSS-generated file for WR2011-1472
=CAT  \\$aWR13_071$b00$c20130610$lBLL01$h1613
=CAT  \\$aBATCH$b00$c20130610$lBLL01$h1613
=CAT  \\$aWR16_088$c20160606$lBLL01$h1632
=CAT  \\$aBATCH-UPD$b00$c20160606$lBLL01$h1636
=CAT  \\$aW1610-0368$c20161006$lBLL01$h0938
=CAT  \\$aW1606-1753$c20171028$lBLL01$h1352
=CAT  \\$aW2011-1472$b00$c20201127$lBLL01$h1833
=FIN  \\$aY$d20130610
=LAS  \\$aW2011-1472$b00$c20201127$lBLL01$h1833

