=LDR  02135 gm a2200481uu 4500
=001  016428413
=003  Uk
=005  20201127183329.0
=008  100813s2007\\\\xx\|||\|||||||||||mleng\d
=FMT  \\$a  VM
=035  \\$aASP765434/ant1
=245  00$aThe Professor
=260  \\$aWatertown, MA$bDocumentary Educational Resources (DER)$c2007
=306  \\$a25 minutes
=490  0\$aEthnographic Video Online, Volume 1
=505  00$aIn a meager apartment on the outskirts of New York City lives a quiet, old man who was once President of an African country.Former law professor and Supreme Court justice David Kpormakpor served as Interim President of Liberia between 1994-95, during its disastrous civil war. He now lives alone, on welfare, among thousands of Liberian refugees, many of whom question why he did not simply take the money and run when he had the chance.
=546  \\$aIn English, Subtitles in English
=650  04$aLiberian
=650  \4$aImmigrant populations
=650  \4$aAging
=650  \4$aPoliticians
=650  \4$aPolitical corruption
=650  \4$aCultural assimilation
=650  \4$aPolitics
=700  1\$aPrice, Jason.$4pro
=700  1\$aPrice, Jason.$4aut
=700  1\$aPrice, Jason.$4drt
=700  1\$aFofana, Fanta$4oth
=700  1\$aKpormakpor, David D.$4oth
=773  0\$dWatertown, MA : Documentary Educational Resources (DER), 2007
=856  40$uhttp://www.aspresolver.com/aspresolver.asp?ANTH;765434$yAlexander Street Press Ethnographic Video Online
=859  \\$aORR$bAlexander Street Press
=883  0\$aLanguage codes assigned by Bayesian analysis of words present in record$d20201028$qUk$c0.9010
=985  \\$aUpgraded by BSS-generated file for WR2011-1472
=CAT  \\$aWR13_071$b00$c20130610$lBLL01$h1613
=CAT  \\$aBATCH$b00$c20130610$lBLL01$h1613
=CAT  \\$aWR16_088$c20160606$lBLL01$h1632
=CAT  \\$aBATCH-UPD$b00$c20160606$lBLL01$h1636
=CAT  \\$aW1610-0368$c20161006$lBLL01$h0938
=CAT  \\$aW1606-1753$c20171028$lBLL01$h1352
=CAT  \\$aW2011-1472$b00$c20201127$lBLL01$h1833
=FIN  \\$aY$d20130610
=LAS  \\$aW2011-1472$b00$c20201127$lBLL01$h1833

