=LDR  02121 gm a2200553uu 4500
=001  016428415
=003  Uk
=005  20201127183329.0
=008  100813s1985\\\\xx\|||\|||||||||||mleng\d
=FMT  \\$a  VM
=035  \\$aASP765108/ant1
=245  00$aPull Ourselves Up or Die Out
=260  \\$aWatertown, MA$bDocumentary Educational Resources (DER)$c1985
=306  \\$a26 minutes
=490  0\$aEthnographic Video Online, Volume 1
=505  00$aRecorded in 1984
=520  3\$aThis video, shot between 1980-1984, was an outgrowth of research conducted by John Marshall and Claire Ritchie during those years.
=546  \\$aIn English
=650  04$aJu/'hoansi
=650  04$a!Kung
=650  \4$aAgrarian economy
=650  \4$aCultural identity
=650  \4$aCultural change and history
=650  \4$aRural population
=650  \4$aAgriculture
=650  \4$aTribal and national groups
=650  \4$aWater supply
=700  1\$aRitchie, Claire.$4pro
=700  1\$aMarshall, John,$d1932-2005$4aut
=700  1\$aMarshall, John,$d1932-2005$4drt
=700  1\$aMarshall, John,$d1932-2005$4oth
=700  1\$a≠Oma, Tsamkxao$4oth
=700  1\$aMarshall, John,$d1932-2005$4nrt
=773  0\$dWatertown, MA : Documentary Educational Resources (DER), 1985
=856  40$uhttp://www.aspresolver.com/aspresolver.asp?ANTH;765108$yAlexander Street Press Ethnographic Video Online
=859  \\$aORR$bAlexander Street Press
=883  0\$aLanguage codes assigned by Bayesian analysis of words present in record$d20201028$qUk$c0.9010
=985  \\$aUpgraded by BSS-generated file for WR2011-1472
=CAT  \\$aWR13_071$b00$c20130610$lBLL01$h1613
=CAT  \\$aBATCH$b00$c20130610$lBLL01$h1613
=CAT  \\$a7416$b40$c20150203$lBLL01$h1147
=CAT  \\$aBATCH-UPD$b40$c20150203$lBLL01$h1148
=CAT  \\$aWR16_088$c20160606$lBLL01$h1632
=CAT  \\$aBATCH-UPD$b00$c20160606$lBLL01$h1636
=CAT  \\$aW1610-0368$c20161006$lBLL01$h0938
=CAT  \\$aW1606-1753$c20171028$lBLL01$h1352
=CAT  \\$aW2011-1472$b00$c20201127$lBLL01$h1833
=FIN  \\$aY$d20130610
=LAS  \\$aW2011-1472$b00$c20201127$lBLL01$h1833

