=LDR  02191 gm a2200553uu 4500
=001  016428416
=003  Uk
=005  20201127183329.0
=008  100813s9999\\\\xx\|||\|||||||||||mleng\d
=FMT  \\$a  VM
=035  \\$aASP765110/ant1
=245  00$aPunk Le Vote!
=260  \\$aWatertown, MA$bDocumentary Educational Resources (DER)
=306  \\$a68 minutes
=490  0\$aEthnographic Video Online, Volume 1
=505  00$aRoach and Starbuck, two hardcore punks from Montreal, try to form their own political party but run out of time due to Canada's electoral process. Instead, they decide to campaign for political office as independent candidates.
=546  \\$aIn French, English, Subtitles in English
=650  04$aCanadian
=650  \4$aPolitical causes
=650  \4$aPolitical parties
=650  \4$aFederalism
=650  \4$aElection campaigns
=650  \4$aElections
=650  \4$aMusicians
=700  1\$aAung-Thwin, Mila.$4pro
=700  1\$aChristou, John.$4pro
=700  1\$aCross, Daniel$c(Documentary filmmaker)
=700  1\$aAung-Thwin, Mila.$4aut
=700  1\$aDenis, Eric "Roach"$4aut
=700  1\$aDenis, Eric "Roach"$4drt
=700  1\$aDenis, Eric "Roach"$4oth
=700  1\$aLayton, Jack.$4oth
=700  1\$aStarbuck$4oth
=773  0\$dWatertown, MA : Documentary Educational Resources (DER)
=856  40$uhttp://www.aspresolver.com/aspresolver.asp?ANTH;765110$yAlexander Street Press Ethnographic Video Online
=859  \\$aORR$bAlexander Street Press
=883  0\$aLanguage codes assigned by Bayesian analysis of words present in record$d20201028$qUk$c0.9010
=985  \\$aUpgraded by BSS-generated file for WR2011-1472
=CAT  \\$aWR13_071$b00$c20130610$lBLL01$h1613
=CAT  \\$aBATCH$b00$c20130610$lBLL01$h1613
=CAT  \\$a8962$b40$c20140807$lBLL01$h0916
=CAT  \\$aBATCH-UPD$b40$c20141017$lBLL01$h2059
=CAT  \\$aWR16_088$c20160606$lBLL01$h1632
=CAT  \\$aBATCH-UPD$b00$c20160606$lBLL01$h1636
=CAT  \\$aW1610-0368$c20161006$lBLL01$h0938
=CAT  \\$aW1606-1753$c20171028$lBLL01$h1352
=CAT  \\$aW2011-1472$b00$c20201127$lBLL01$h1833
=FIN  \\$aY$d20130610
=LAS  \\$aW2011-1472$b00$c20201127$lBLL01$h1833

