=LDR  02295 gm a2200517uu 4500
=001  016428417
=003  Uk
=005  20201127183329.0
=008  100813s2004\\\\xx\|||\|||||||||||mleng\d
=FMT  \\$a  VM
=035  \\$aASP765112/ant1
=245  00$aQudad, Re-inventing a Tradition
=260  \\$aWatertown, MA$bDocumentary Educational Resources (DER)$c2004
=306  \\$a58 minutes
=490  0\$aEthnographic Video Online, Volume 1
=505  00$aQudad is an ancient lime waterproofing plaster that has been used for several millennia in the Arabian Peninsula. In Yemen, where it most likely originated, it is found on religious and secular buildings and archaeological sites. Because of its elaborate and labor-intensive application (it takes a full year to set properly), this strong, resistant material has barely been in use for the past 30 years. As a consequence, very few masons know how to make and apply it.
=546  \\$aIn Arabic, Subtitles in English
=650  04$aYemeni (Yemenite)
=650  04$aArab
=650  \4$aConstruction materials
=650  \4$aInnovation and invention
=650  \4$aCultural identity
=650  \4$aCultural change and history
=650  \4$aRenovations
=650  \4$aStonemasons
=650  \4$aMosques
=650  \4$aArchaeology
=650  \4$aArchitecture
=700  1\$aBorelli, Caterina.$4pro
=700  1\$aBorelli, Caterina.$4aut
=700  1\$aBorelli, Caterina.$4drt
=700  1\$aal-Radi, Selma$4oth
=773  0\$dWatertown, MA : Documentary Educational Resources (DER), 2004
=856  40$uhttp://www.aspresolver.com/aspresolver.asp?ANTH;765112$yAlexander Street Press Ethnographic Video Online
=859  \\$aORR$bAlexander Street Press
=883  0\$aLanguage codes assigned by Bayesian analysis of words present in record$d20201028$qUk$c0.9010
=985  \\$aUpgraded by BSS-generated file for WR2011-1472
=CAT  \\$aWR13_071$b00$c20130610$lBLL01$h1613
=CAT  \\$aBATCH$b00$c20130610$lBLL01$h1613
=CAT  \\$aWR16_088$c20160606$lBLL01$h1632
=CAT  \\$aBATCH-UPD$b00$c20160606$lBLL01$h1636
=CAT  \\$aW1610-0368$c20161006$lBLL01$h0938
=CAT  \\$aW1606-1753$c20171028$lBLL01$h1352
=CAT  \\$aW2011-1472$b00$c20201127$lBLL01$h1833
=FIN  \\$aY$d20130610
=LAS  \\$aW2011-1472$b00$c20201127$lBLL01$h1833

