=LDR  02847 gm a2200445uu 4500
=001  016428418
=003  Uk
=005  20201127183329.0
=008  100813s9999\\\\xx\|||\|||||||||||mleng\d
=FMT  \\$a  VM
=035  \\$aASP1689385/ant1
=245  00$aRasinah: The Enchanted Mask
=260  \\$aNew York, NY$bFilmakers Library
=306  \\$a53 minutes
=490  0\$aEthnographic Video Online, Volume 1
=505  00$aWatching the lithe, expressive movements of Javanese masked dancer Rasinah, one would never believe a 72-year old woman is behind the mask! She is a master of an ancient form of mask dance called Topeng Cirebon, which originated in West Java, Indonesia. Rooted in Islamic mysticism, the spiritual significance of the masks and dances was restricted to "specialist families," who for centuries passed on their unique heritage from generation to generation. By the late 1900's the popularity of Topeng Cirebon had faded -- its mystical masters forgotten.Once one of the most popular of the Topeng artists, Rasinah had been reduced to poverty as the taste for this traditional art form waned. Two young men became enraptured by tales of a hidden national treasure living in a remote village. They set out to find Rasinah to rescue her dance from extinction. Not having danced in twenty years and afraid that she was now too old, she hesitates. But once she holds the mask, her body moves again like a young dancer and she is off on an incredible journey of renewal.The film captures ancient rituals, spirit-infested graveyards, and enchanted masks. Fortunately, Rasinah's granddaughter, Erli, is able to carry on the age-old tradition. This colorful documentary shows the history, function and meaning of these masked dances.
=546  \\$aIn Javanese, Subtitles in English
=650  04$aJavanese
=650  \4$aDance
=650  \4$aBlessings
=650  \4$aDancers
=650  \4$aMasks
=700  1\$aHarmayn, Shanty.$4pro
=700  1\$aGrauer, Rhoda.$4drt
=700  1\$aRasinah, Mimi$4oth
=700  1\$aSuanda, Endo.$4oth
=773  0\$dNew York, NY : Filmakers Library
=856  40$uhttp://www.aspresolver.com/aspresolver.asp?ANTH;1689385$yAlexander Street Press Ethnographic Video Online
=859  \\$aORR$bAlexander Street Press
=883  0\$aLanguage codes assigned by Bayesian analysis of words present in record$d20201028$qUk$c0.9010
=985  \\$aUpgraded by BSS-generated file for WR2011-1472
=CAT  \\$aWR13_071$b00$c20130610$lBLL01$h1613
=CAT  \\$aBATCH$b00$c20130610$lBLL01$h1613
=CAT  \\$aBATCH-UPD$b00$c20160327$lBLL01$h2111
=CAT  \\$aWR16_088$c20160606$lBLL01$h1632
=CAT  \\$aW1610-0368$c20161006$lBLL01$h0938
=CAT  \\$aW1606-1753$c20171028$lBLL01$h1352
=CAT  \\$aW2011-1472$b00$c20201127$lBLL01$h1833
=FIN  \\$aY$d20130610
=LAS  \\$aW2011-1472$b00$c20201127$lBLL01$h1833

