=LDR  01626 gm a2200445uu 4500
=001  016428422
=003  Uk
=005  20201127183329.0
=008  100813s2008\\\\xx\|||\|||||||||||mleng\d
=FMT  \\$a  VM
=035  \\$aASP1646972/ant1
=245  00$aRay Mears Goes Walkabout Programme 4 of 4: Rock Art
=260  \\$aLondon, England$bBritish Broadcasting Corporation (BBC)$c2008
=306  \\$a50 minutes
=490  0\$aEthnographic Video Online, Volume 1
=505  00$aIn English
=650  04$aAustralian Aboriginal
=650  \4$aExplorers
=650  \4$aPictographics
=650  \4$aArt
=650  \4$aEnvironment
=650  \4$aCultural identity
=650  \4$aTribal and national groups
=700  1\$aSouthwell, Ben.$4pro
=700  1\$aMears, Ray$4aut
=700  1\$aMears, Ray$4nrt
=773  0\$dLondon, England : British Broadcasting Corporation (BBC), 2008
=856  40$uhttp://www.aspresolver.com/aspresolver.asp?ANTH;1646972$yAlexander Street Press Ethnographic Video Online
=859  \\$aORR$bAlexander Street Press
=883  0\$aLanguage codes assigned by Bayesian analysis of words present in record$d20201028$qUk$c0.9010
=985  \\$aUpgraded by BSS-generated file for WR2011-1472
=CAT  \\$aWR13_071$b00$c20130610$lBLL01$h1613
=CAT  \\$aBATCH$b00$c20130610$lBLL01$h1613
=CAT  \\$aWR16_088$c20160606$lBLL01$h1632
=CAT  \\$aBATCH-UPD$b00$c20160606$lBLL01$h1636
=CAT  \\$aW1610-0368$c20161006$lBLL01$h0938
=CAT  \\$aW1606-1753$c20171028$lBLL01$h1352
=CAT  \\$aW2011-1472$b00$c20201127$lBLL01$h1833
=FIN  \\$aY$d20130610
=LAS  \\$aW2011-1472$b00$c20201127$lBLL01$h1833

