=LDR  01983 gm a2200469uu 4500
=001  016428424
=003  Uk
=005  20201127183329.0
=008  100813s1983\\\\xx\|||\|||||||||||mleng\d
=FMT  \\$a  VM
=035  \\$aASP765438/ant1
=245  00$aThe Red Bowmen
=260  \\$aWatertown, MA$bDocumentary Educational Resources (DER)$c1983
=306  \\$a58 minutes
=490  0\$aEthnographic Video Online, Volume 1
=505  00$aEvery year, a ritual known as ida is performed by the Umeda people, who inhabit the dense primary forest of the Waina-Sawanda district of West Sepik, Papua New Guinea. Ida, the central social and cultural drama of the Umeda, is a fertility ritual, in which a dominant theme is the metamorphosis of the cassowaries.
=546  \\$aIn English
=650  04$aUmeda
=650  \4$aGender roles
=650  \4$aFertility
=650  \4$aSocial dances
=650  \4$aReligious rites and ceremonies
=650  \4$aCultural identity
=650  \4$aTribal and national groups
=700  1\$aGell, Alfred.$4aut
=700  1\$aOwen, Chris.$4aut
=700  1\$aOwen, Chris.$4drt
=773  0\$dWatertown, MA : Documentary Educational Resources (DER), 1983
=856  40$uhttp://www.aspresolver.com/aspresolver.asp?ANTH;765438$yAlexander Street Press Ethnographic Video Online
=859  \\$aORR$bAlexander Street Press
=883  0\$aLanguage codes assigned by Bayesian analysis of words present in record$d20201028$qUk$c0.9010
=985  \\$aUpgraded by BSS-generated file for WR2011-1472
=CAT  \\$aWR13_071$b00$c20130610$lBLL01$h1613
=CAT  \\$aBATCH$b00$c20130610$lBLL01$h1613
=CAT  \\$aBATCH-UPD$b00$c20140927$lBLL01$h1711
=CAT  \\$aBATCH-UPD$b00$c20150630$lBLL01$h1140
=CAT  \\$aWR16_088$c20160606$lBLL01$h1632
=CAT  \\$aW1610-0368$c20161006$lBLL01$h0938
=CAT  \\$aW1606-1753$c20171028$lBLL01$h1352
=CAT  \\$aW2011-1472$b00$c20201127$lBLL01$h1833
=FIN  \\$aY$d20130610
=LAS  \\$aW2011-1472$b00$c20201127$lBLL01$h1833

