=LDR  02311 gm a2200541uu 4500
=001  016428428
=003  Uk
=005  20201127183330.0
=008  100813s2007\\\\xx\|||\|||||||||||mleng\d
=FMT  \\$a  VM
=035  \\$aASP1148852/ant1
=245  00$aRed White Black & Blue: Additional Footage Part 3
=260  \\$aWatertown, MA$bDocumentary Educational Resources (DER)$c2007
=306  \\$a8 minutes
=490  0\$aEthnographic Video Online, Volume 1
=505  00$a"My job was to kill Japanese, and that's what I did."Bill Jones and Andy Petrus are the two toughest 85-year-olds you've ever met.Together, these life-long friends fought 3,000 Japanese in a secret Alaskan invasion during World War II. Now, 60 years later, these two forgotten heroes embark on an intense and emotional journey back to the remote Aleutian island of Attu, where they relive the brutal 19-day battle that the American government kept secret.
=546  \\$aIn English
=650  04$aJapanese
=650  04$aAmerican
=650  \4$aWeather
=650  \4$aBattles
=650  \4$aWar
=650  \4$aMilitary campaigns
=650  \4$aSoldiers
=650  \4$aInvasions
=700  1\$aHarbour, Michael.$4pro
=700  1\$aNalmberg, Jeff$4pro
=700  1\$aPutnam, Tom.$4pro
=700  1\$aRadecki, Matt$4pro
=700  1\$aPutnam, Tom.$4aut
=700  1\$aPutnam, Tom.$4drt
=700  1\$aJones, Bill.$4oth
=700  1\$aPetrus, Andy.$4oth
=773  0\$dWatertown, MA : Documentary Educational Resources (DER), 2007
=856  40$uhttp://www.aspresolver.com/aspresolver.asp?ANTH;1148852$yAlexander Street Press Ethnographic Video Online
=859  \\$aORR$bAlexander Street Press
=883  0\$aLanguage codes assigned by Bayesian analysis of words present in record$d20201028$qUk$c0.9010
=985  \\$aUpgraded by BSS-generated file for WR2011-1472
=CAT  \\$aWR13_071$b00$c20130610$lBLL01$h1613
=CAT  \\$aBATCH$b00$c20130610$lBLL01$h1613
=CAT  \\$aBATCH-UPD$b00$c20141219$lBLL01$h1233
=CAT  \\$aWR16_088$c20160606$lBLL01$h1632
=CAT  \\$aBATCH-UPD$b00$c20160606$lBLL01$h1636
=CAT  \\$aW1610-0368$c20161006$lBLL01$h0938
=CAT  \\$aW1606-1753$c20171028$lBLL01$h1352
=CAT  \\$aW2011-1472$b00$c20201127$lBLL01$h1833
=FIN  \\$aY$d20130610
=LAS  \\$aW2011-1472$b00$c20201127$lBLL01$h1833

