=LDR  02152 gm a2200457uu 4500
=001  016428429
=003  Uk
=005  20201127183330.0
=008  100813s2004\\\\xx\|||\|||||||||||mleng\d
=FMT  \\$a  VM
=035  \\$aASP1871081/ant1
=245  00$aThe Reindeer People
=260  \\$aParis, France$bZED$c2004
=306  \\$a54 minutes
=490  0\$aEthnographic Video Online, Volume 1
=505  00$aIn Northern Mongolia, there exists a sacred alliance between people, ancestor spirits and reindeer.This film is an intimate portrait of a family of Dukha reindeer nomads following their migration through the forests of Mongolia's Hovsgol province. The oldest Dukha, is a divine seer, a 96-year old shaman, called Tsuyan. She is the link between the healing songs of the forest ancestors, her people and their reindeer.To live in harmony with them, people had to learn to respect nature and animals and to pass down their beliefs, from generation to generation, by invoking the song-lines of their deceased ancestors.
=546  \\$aIn English
=650  04$aDukha
=650  \4$aTraditional history
=650  \4$aCultural identity
=650  \4$aTribal and national groups
=650  \4$aSpirituality
=650  \4$aSpiritual guidance
=650  \4$aHerders
=650  \4$aReindeer
=700  1\$aSardar, Hamid.$4drt
=700  1\$aWenger, Allan$4nrt
=773  0\$dParis, France : ZED, 2004
=856  40$uhttp://www.aspresolver.com/aspresolver.asp?ANTH;1871081$yAlexander Street Press Ethnographic Video Online
=859  \\$aORR$bAlexander Street Press
=883  0\$aLanguage codes assigned by Bayesian analysis of words present in record$d20201028$qUk$c0.9010
=985  \\$aUpgraded by BSS-generated file for WR2011-1472
=CAT  \\$aWR13_071$b00$c20130610$lBLL01$h1613
=CAT  \\$aBATCH$b00$c20130610$lBLL01$h1613
=CAT  \\$aWR16_088$c20160606$lBLL01$h1632
=CAT  \\$aW1610-0368$c20161006$lBLL01$h0938
=CAT  \\$aW1606-1753$c20171028$lBLL01$h1352
=CAT  \\$aBATCH-UPD$b00$c20190902$lBLL01$h2019
=CAT  \\$aW2011-1472$b00$c20201127$lBLL01$h1833
=FIN  \\$aY$d20130610
=LAS  \\$aW2011-1472$b00$c20201127$lBLL01$h1833

