=LDR  02145 gm a2200469uu 4500
=001  016428430
=003  Uk
=005  20201127183330.0
=008  100813s2000\\\\xx\|||\|||||||||||mleng\d
=FMT  \\$a  VM
=035  \\$aASP765440/ant1
=245  00$aThe Reindeer Queen: The True Story of Sinrock Mary
=260  \\$aWatertown, MA$bDocumentary Educational Resources (DER)$c2000
=306  \\$a28 minutes
=490  0\$aEthnographic Video Online, Volume 1
=505  00$aSinrock Mary's life mirrors the turbulent times in the Arctic before the turn of the century during the Alaska Gold Rush. An Eskimo woman, she became the translator for captain 'Hell Roaring' Mike Healy of the ship Bear, a Revenue Cutter. With Captain Healy at the helm, the Bear transported the first Siberian reindeer to Alaska. Through twists of fate, Sinrock Mary (Antisarlook) became the owner of the largest reindeer herd in the north and the wealthiest woman in the territory.
=546  \\$aIn English
=650  04$aEskimo
=650  \4$aLivestock
=650  \4$aProperty rights
=650  \4$aEconomics
=650  \4$aTribal and national groups
=650  \4$aHerders
=650  \4$aGender
=700  1\$aBrooks, Maria.$4pro
=700  1\$aBrooks, Maria.$4aut
=700  1\$aBrooks, Maria.$4drt
=700  1\$aHarrison, Sharon.$4nrt
=773  0\$dWatertown, MA : Documentary Educational Resources (DER), 2000
=856  40$uhttp://www.aspresolver.com/aspresolver.asp?ANTH;765440$yAlexander Street Press Ethnographic Video Online
=859  \\$aORR$bAlexander Street Press
=883  0\$aLanguage codes assigned by Bayesian analysis of words present in record$d20201028$qUk$c0.9010
=985  \\$aUpgraded by BSS-generated file for WR2011-1472
=CAT  \\$aWR13_071$b00$c20130610$lBLL01$h1613
=CAT  \\$aBATCH$b00$c20130610$lBLL01$h1613
=CAT  \\$aWR16_088$c20160606$lBLL01$h1632
=CAT  \\$aBATCH-UPD$b00$c20160606$lBLL01$h1636
=CAT  \\$aW1610-0368$c20161006$lBLL01$h0938
=CAT  \\$aW1606-1753$c20171028$lBLL01$h1352
=CAT  \\$aW2011-1472$b00$c20201127$lBLL01$h1833
=FIN  \\$aY$d20130610
=LAS  \\$aW2011-1472$b00$c20201127$lBLL01$h1833

