=LDR  02540 gm a2200577uu 4500
=001  016428431
=003  Uk
=005  20201127183330.0
=008  100813s1979\\\\xx\|||\|||||||||||mleng\d
=FMT  \\$a  VM
=035  \\$aASP765116/ant1
=245  00$aReleasing the Spirits: A Village Cremation in Bali
=260  \\$aWatertown, MA$bDocumentary Educational Resources (DER)$c1979
=306  \\$a43 minutes
=490  0\$aEthnographic Video Online, Volume 1
=505  00$aCremation rites are the most elaborate rites of passage performed by Balinese householders. Poor families may wait years before accumulating enough resources to cremate their dead, who are buried in the meantime. In 1978 many more cremations than usual were carried out because of the great purification cermony, Eka Dasa Rudra, held at Bali's main temple, Besakih, in 1979. Religious officials recommended that all Balinese cleanse the island by cremating their dead, as part of the preparations for the great Besakih ceremony.
=546  \\$aIn English, Subtitles in English
=650  04$aBalinese
=650  \4$aPoverty
=650  \4$aRural population
=650  \4$aCultural identity
=650  \4$aEthnosociology
=650  \4$aShamanism
=650  \4$aBurial customs
=650  \4$aReligious rites and ceremonies
=700  1\$aAsch, Patsy.$4pro
=700  1\$aAsch, Timothy.$4pro
=700  1\$aConnor, Linda$4pro
=700  1\$aAsch, Patsy.$4aut
=700  1\$aAsch, Timothy.$4aut
=700  1\$aConnor, Linda$4aut
=700  1\$aAsch, Patsy.$4drt
=700  1\$aAsch, Timothy.$4drt
=700  1\$aConnor, Linda$4drt
=700  1\$aAsch, Timothy.$4oth
=700  1\$aConnor, Linda$4oth
=700  1\$aTapakan, Jero$4oth
=773  0\$dWatertown, MA : Documentary Educational Resources (DER), 1979
=856  40$uhttp://www.aspresolver.com/aspresolver.asp?ANTH;765116$yAlexander Street Press Ethnographic Video Online
=859  \\$aORR$bAlexander Street Press
=883  0\$aLanguage codes assigned by Bayesian analysis of words present in record$d20201028$qUk$c0.9010
=985  \\$aUpgraded by BSS-generated file for WR2011-1472
=CAT  \\$aWR13_071$b00$c20130610$lBLL01$h1613
=CAT  \\$aBATCH$b00$c20130610$lBLL01$h1613
=CAT  \\$aWR16_088$c20160606$lBLL01$h1632
=CAT  \\$aBATCH-UPD$b00$c20160606$lBLL01$h1636
=CAT  \\$aW1610-0368$c20161006$lBLL01$h0938
=CAT  \\$aW1606-1753$c20171028$lBLL01$h1352
=CAT  \\$aW2011-1472$b00$c20201127$lBLL01$h1833
=FIN  \\$aY$d20130610
=LAS  \\$aW2011-1472$b00$c20201127$lBLL01$h1833

