=LDR  02416 gm a2200601uu 4500
=001  016428432
=003  Uk
=005  20201127183330.0
=008  100813s2006\\\\xx\|||\|||||||||||mleng\d
=FMT  \\$a  VM
=035  \\$aASP765118/ant1
=245  00$aRemembering John Marshall
=260  \\$aWatertown, MA$bDocumentary Educational Resources (DER)$c2006
=306  \\$a16 minutes
=490  0\$aEthnographic Video Online, Volume 1
=505  00$aA portrait of filmmaker and activist John Kennedy Marshall who began his career in the 1950s documenting the lives of the Ju/'hoansi people of Namibia - among the last remaining hunter-gatherers - for anthropological audiences. In the 1980s Marshall became an activist helping the Ju/'hoansi fight for land and water rights.
=546  \\$aIn English
=650  \4$aCo-workers
=650  \4$aFamily
=650  \4$aAdmiration
=650  \4$aEthnosociology
=650  \4$aEthnographic methodology
=650  \4$aAnthropology
=650  \4$aFilms and filmmaking careers
=700  1\$aClose, Cynthia.$4pro
=700  1\$aTamés, David.$4pro
=700  1\$aApley, Alice.$4aut
=700  1\$aTamés, David.$4aut
=700  1\$aApley, Alice.$4drt
=700  1\$aTamés, David.$4drt
=700  1\$aClose, Cynthia.$4oth
=700  1\$aFoley, Karma.$4oth
=700  1\$aGordon, Robert, Ph.D.$4oth
=700  1\$aJhala, Jayasinhji.$4oth
=700  1\$aJhala, Rakhi$4oth
=700  1\$aMarshall, Alexandra.$4oth
=700  1\$aRay, Sandeep$4oth
=700  1\$aThomas, Elizabeth.$4oth
=773  0\$dWatertown, MA : Documentary Educational Resources (DER), 2006
=856  40$uhttp://www.aspresolver.com/aspresolver.asp?ANTH;765118$yAlexander Street Press Ethnographic Video Online
=859  \\$aORR$bAlexander Street Press
=883  0\$aLanguage codes assigned by Bayesian analysis of words present in record$d20201028$qUk$c0.9010
=985  \\$aUpgraded by BSS-generated file for WR2011-1472
=CAT  \\$aWR13_071$b00$c20130610$lBLL01$h1613
=CAT  \\$aBATCH$b00$c20130610$lBLL01$h1613
=CAT  \\$aBATCH-UPD$b00$c20130610$lBLL01$h1622
=CAT  \\$aWR16_088$c20160606$lBLL01$h1632
=CAT  \\$aBATCH-UPD$b00$c20160606$lBLL01$h1636
=CAT  \\$aW1610-0368$c20161006$lBLL01$h0938
=CAT  \\$aW1606-1753$c20171028$lBLL01$h1352
=CAT  \\$aW2011-1472$b00$c20201127$lBLL01$h1833
=FIN  \\$aY$d20130610
=LAS  \\$aW2011-1472$b00$c20201127$lBLL01$h1833

