=LDR  01943 gm a2200445uu 4500
=001  016428434
=003  Uk
=005  20201127183330.0
=008  100813s1985\\\\xx\|||\|||||||||||mleng\d
=FMT  \\$a  VM
=035  \\$aASP765444/ant1
=245  00$aThe Return of Gods and Ancestors: The Five Year Ceremony
=260  \\$aWatertown, MA$bDocumentary Educational Resources (DER)$c1985
=306  \\$a35 minutes
=490  0\$aEthnographic Video Online, Volume 1
=505  00$aThe Return of Gods and Ancestors is the first locally made ethnographic film in Taiwan. Under extremely low budget, anthropologist Hu Tai-Li recorded with a hand-cranked Bell & Howell 16 mm camera the most magnificent five year ceremony in Paiwan tribe. The shooting ratio was only 3:1.
=546  \\$aIn Mandarin, English, Subtitles in English
=650  04$aPaiwan
=650  \4$aCultural change and history
=650  \4$aCultural identity
=650  \4$aTribal and national groups
=650  \4$aRural population
=650  \4$aReligious rites and ceremonies
=700  1\$aHu, Tai-Li$4aut
=700  1\$aHu, Tai-Li$4drt
=700  1\$aBien, Chiang$4nrt
=700  1\$aHu, Tai-Li$4nrt
=773  0\$dWatertown, MA : Documentary Educational Resources (DER), 1985
=856  40$uhttp://www.aspresolver.com/aspresolver.asp?ANTH;765444$yAlexander Street Press Ethnographic Video Online
=859  \\$aORR$bAlexander Street Press
=883  0\$aLanguage codes assigned by Bayesian analysis of words present in record$d20201028$qUk$c0.9010
=985  \\$aUpgraded by BSS-generated file for WR2011-1472
=CAT  \\$aWR13_071$b00$c20130610$lBLL01$h1613
=CAT  \\$aBATCH$b00$c20130610$lBLL01$h1613
=CAT  \\$aWR16_088$c20160606$lBLL01$h1632
=CAT  \\$aW1610-0368$c20161006$lBLL01$h0938
=CAT  \\$aW1606-1753$c20171028$lBLL01$h1352
=CAT  \\$aW2011-1472$b00$c20201127$lBLL01$h1833
=FIN  \\$aY$d20130610
=LAS  \\$aW2011-1472$b00$c20201127$lBLL01$h1833

