=LDR  02173 gm a2200505uu 4500
=001  016428435
=003  Uk
=005  20201127183330.0
=008  100813s2002\\\\xx\|||\|||||||||||mleng\d
=FMT  \\$a  VM
=035  \\$aASP765120/ant1
=245  00$aReturn to Belaye: A Rite of Passage
=260  \\$aWatertown, MA$bDocumentary Educational Resources (DER)$c2002
=306  \\$a80 minutes
=490  0\$aEthnographic Video Online, Volume 1
=505  00$aReturn To Belaye: A Rite of Passage is an insider's look at a manhood initiation ritual in the village of Belaye, Senegal, West Africa. The documentary focuses on filmmaker, Amy Flannery and her husband, Papis Goudiaby, as they leave their home in the United States and journey back to Papis' birthplace where he must undergo the tribe's traditional initiation rite.
=546  \\$aIn English
=650  04$aJola (Diola)
=650  \4$aReligion
=650  \4$aTribal and national groups
=650  \4$aCultural change and history
=650  \4$aLife stages
=650  \4$aReligious rites and ceremonies
=650  \4$aBicultural marriages
=650  \4$aCultural identity
=700  1\$aFlannery, Amy.$4pro
=700  1\$aFord, Michael.$4pro
=700  1\$aFlannery, Amy.$4aut
=700  1\$aFlannery, Amy.$4drt
=700  1\$aFlannery, Amy.$4oth
=700  1\$aGoudiaby, Papis$4oth
=773  0\$dWatertown, MA : Documentary Educational Resources (DER), 2002
=856  40$uhttp://www.aspresolver.com/aspresolver.asp?ANTH;765120$yAlexander Street Press Ethnographic Video Online
=859  \\$aORR$bAlexander Street Press
=883  0\$aLanguage codes assigned by Bayesian analysis of words present in record$d20201028$qUk$c0.9010
=985  \\$aUpgraded by BSS-generated file for WR2011-1472
=CAT  \\$aWR13_071$b00$c20130610$lBLL01$h1613
=CAT  \\$aBATCH$b00$c20130610$lBLL01$h1613
=CAT  \\$aWR16_088$c20160606$lBLL01$h1632
=CAT  \\$aBATCH-UPD$b00$c20160606$lBLL01$h1636
=CAT  \\$aW1610-0368$c20161006$lBLL01$h0938
=CAT  \\$aW1606-1753$c20171028$lBLL01$h1352
=CAT  \\$aW2011-1472$b00$c20201127$lBLL01$h1833
=FIN  \\$aY$d20130610
=LAS  \\$aW2011-1472$b00$c20201127$lBLL01$h1833

