=LDR  02031 gm a2200505uu 4500
=001  016428436
=003  Uk
=005  20201127183330.0
=008  100813s1989\\\\xx\|||\|||||||||||mleng\d
=FMT  \\$a  VM
=035  \\$aASP765122/ant1
=245  00$aReturn to Year Zero?
=260  \\$aWatertown, MA$bDocumentary Educational Resources (DER)$c1989
=306  \\$a42 minutes
=490  0\$aEthnographic Video Online, Volume 1
=505  00$aReturn to Year Zero? focuses on Cambodia as the 10th anniversary of the fall of the Khmer Rouge (a Communist regime) approaches. As the Vietnamese prepare to pull out of the country after its 10-year stay to help secure and rebuild Cambodia, a high level of uncertainty and danger remains.
=546  \\$aIn English
=650  04$aVietnamese
=650  04$aCambodian
=650  \4$aPolitics
=650  \4$aRefugee camps
=650  \4$aViolence
=650  \4$aPolitical parties
=650  \4$aWar
=650  \4$aCommunism
=650  \4$aEconomic conditions
=700  1\$aFeingold, David, Ph. D.$4pro
=700  1\$aFeingold, David, Ph. D.$4aut
=700  1\$aRobertson, Shari.$4aut
=700  1\$aRobertson, Shari.$4drt
=700  1\$aMcStay, Michael$4nrt
=773  0\$dWatertown, MA : Documentary Educational Resources (DER), 1989
=856  40$uhttp://www.aspresolver.com/aspresolver.asp?ANTH;765122$yAlexander Street Press Ethnographic Video Online
=859  \\$aORR$bAlexander Street Press
=883  0\$aLanguage codes assigned by Bayesian analysis of words present in record$d20201028$qUk$c0.9010
=985  \\$aUpgraded by BSS-generated file for WR2011-1472
=CAT  \\$aWR13_071$b00$c20130610$lBLL01$h1613
=CAT  \\$aBATCH$b00$c20130610$lBLL01$h1613
=CAT  \\$aWR16_088$c20160606$lBLL01$h1632
=CAT  \\$aBATCH-UPD$b00$c20160606$lBLL01$h1636
=CAT  \\$aW1610-0368$c20161006$lBLL01$h0938
=CAT  \\$aW1606-1753$c20171028$lBLL01$h1352
=CAT  \\$aW2011-1472$b00$c20201127$lBLL01$h1833
=FIN  \\$aY$d20130610
=LAS  \\$aW2011-1472$b00$c20201127$lBLL01$h1833

