=LDR  01861 gm a2200409uu 4500
=001  016428437
=003  Uk
=005  20201127183330.0
=008  100813s1977\\\\xx\|||\|||||||||||mleng\d
=FMT  \\$a  VM
=035  \\$aASP765124/ant1
=245  00$aRhesus Play
=260  \\$aWatertown, MA$bDocumentary Educational Resources (DER)$c1977
=306  \\$a24 minutes
=490  0\$aEthnographic Video Online, Volume 1
=505  00$aRecorded in 1977
=520  3\$aRhesus Play shows and analyses aggressive play - play fighting and play chasing - among free ranging rhesus monkeys of La Cueva Island, Puerto Rico. It confronts the question of why monkeys play by examining what they do when they play, and illustrates that the fundamental objective of play fighting is to bite without being bitten, a goal attained in part by climbing on top or getting behind the play partner.
=546  \\$aIn English
=650  \4$aIslands
=650  \4$aEthnozoology
=650  \4$aBiological anthropology
=650  \4$aPrimates
=700  1\$aSymons, Donald$4aut
=700  1\$aSymons, Donald$4drt
=773  0\$dWatertown, MA : Documentary Educational Resources (DER), 1977
=856  40$uhttp://www.aspresolver.com/aspresolver.asp?ANTH;765124$yAlexander Street Press Ethnographic Video Online
=859  \\$aORR$bAlexander Street Press
=883  0\$aLanguage codes assigned by Bayesian analysis of words present in record$d20201028$qUk$c0.9010
=985  \\$aUpgraded by BSS-generated file for WR2011-1472
=CAT  \\$aWR13_071$b00$c20130610$lBLL01$h1613
=CAT  \\$aBATCH$b00$c20130610$lBLL01$h1613
=CAT  \\$aWR16_088$c20160606$lBLL01$h1632
=CAT  \\$aW1610-0368$c20161006$lBLL01$h0938
=CAT  \\$aW1606-1753$c20171028$lBLL01$h1352
=CAT  \\$aW2011-1472$b00$c20201127$lBLL01$h1833
=FIN  \\$aY$d20130610
=LAS  \\$aW2011-1472$b00$c20201127$lBLL01$h1833

