=LDR  02340 gm a2200481uu 4500
=001  016428438
=003  Uk
=005  20201127183330.0
=008  100813s9999\\\\xx\|||\|||||||||||mleng\d
=FMT  \\$a  VM
=035  \\$aASP1796765/ant1
=245  00$aRiches From The Deep
=260  \\$aOslo, Norway$bNordic World
=306  \\$a54 minutes
=490  0\$aEthnographic Video Online, Volume 1
=520  3\$aThis programme charts the resources inherent in the world's rivers, lakes and oceans, and shows that this treasure trove is not merely a matter of food and money, but is equally a key to a meaningful life.When the men of the Pacific island of Mitiaro set out to fish for tuna, they do so from canaoes hewn from trees they fell and lure the fish to them with the aid of shredded coconut. We also meet karaoke-singing fishermen on Vietnam's mighty Mekong river, and learn how cod from the Lofoten Islands, in the north of Norway, find their way to restaurant tables in far-off Italy. And in the United States, on the banks of the Columbia and Snake rivers, we fish for salmon together with Indians who are fighting to retain their ancient fishing rights.
=546  \\$aIn English
=650  04$aNorwegian
=650  04$aVietnamese
=650  04$aCook Islander
=650  04$aAmerican Indian
=650  \4$aRivers
=650  \4$aOceans
=650  \4$aCommercial fishing
=650  \4$aFish
=700  1\$aHoyheim, Kjell Jarle$4pro
=700  1\$aMidttun, Knut$4pro
=700  1\$aDale, Terje.$4drt
=700  1\$aSaebo, Nils Arne$4drt
=773  0\$dOslo, Norway : Nordic World
=856  40$uhttp://www.aspresolver.com/aspresolver.asp?ANTH;1796765$yAlexander Street Press Ethnographic Video Online
=859  \\$aORR$bAlexander Street Press
=883  0\$aLanguage codes assigned by Bayesian analysis of words present in record$d20201028$qUk$c0.9010
=985  \\$aUpgraded by BSS-generated file for WR2011-1472
=CAT  \\$aWR13_071$b00$c20130610$lBLL01$h1613
=CAT  \\$aBATCH$b00$c20130610$lBLL01$h1613
=CAT  \\$aWR16_088$c20160606$lBLL01$h1632
=CAT  \\$aBATCH-UPD$b00$c20160606$lBLL01$h1636
=CAT  \\$aW1610-0368$c20161006$lBLL01$h0938
=CAT  \\$aW1606-1753$c20171028$lBLL01$h1352
=CAT  \\$aW2011-1472$b00$c20201127$lBLL01$h1833
=FIN  \\$aY$d20130610
=LAS  \\$aW2011-1472$b00$c20201127$lBLL01$h1833

