=LDR  02120 gm a2200637uu 4500
=001  016428441
=003  Uk
=005  20201127183330.0
=008  100813s1986\\\\xx\|||\|||||||||||mleng\d
=FMT  \\$a  VM
=035  \\$aASP1647027/ant1
=245  00$aThe Right Choice
=260  \\$aLondon, England$bBritish Broadcasting Corporation (BBC)$c1986
=306  \\$a49 minutes
=490  0\$aEthnographic Video Online, Volume 1
=505  00$aIn English
=650  04$aHungarian
=650  04$aItalian
=650  04$aEgyptian
=650  04$aIndian
=650  \4$aMarriage
=650  \4$aWeddings
=650  \4$aCultural identity
=650  \4$aPersonal finances
=650  \4$aDating
=650  \4$aLove
=650  \4$aSexual intercourse
=650  \4$aRomantic relationships
=700  1\$aNicholson, William.$4pro
=700  1\$aNicholson, William.$4aut
=700  0\$aChandrasekhar.$4oth
=700  1\$aHanen$4oth
=700  0\$aIlona.$4oth
=700  1\$aJaya$4oth
=700  0\$aMaria.$4oth
=700  1\$aMassimo$4oth
=700  1\$aMohammed$4oth
=700  0\$aZoltan.$4oth
=700  1\$aNicholson, William.$4nrt
=773  0\$dLondon, England : British Broadcasting Corporation (BBC), 1986
=856  40$uhttp://www.aspresolver.com/aspresolver.asp?ANTH;1647027$yAlexander Street Press Ethnographic Video Online
=859  \\$aORR$bAlexander Street Press
=883  0\$aLanguage codes assigned by Bayesian analysis of words present in record$d20201028$qUk$c0.9010
=985  \\$aUpgraded by BSS-generated file for WR2011-1472
=CAT  \\$aWR13_071$b00$c20130610$lBLL01$h1613
=CAT  \\$aBATCH$b00$c20130610$lBLL01$h1613
=CAT  \\$aBATCH-UPD$b00$c20130610$lBLL01$h1619
=CAT  \\$aBATCH-UPD$b00$c20130610$lBLL01$h1622
=CAT  \\$aBATCH-UPD$b00$c20150108$lBLL01$h0026
=CAT  \\$aWR16_088$c20160606$lBLL01$h1632
=CAT  \\$aBATCH-UPD$b00$c20160606$lBLL01$h1636
=CAT  \\$aW1610-0368$c20161006$lBLL01$h0938
=CAT  \\$aW1606-1753$c20171028$lBLL01$h1352
=CAT  \\$aW2011-1472$b00$c20201127$lBLL01$h1833
=FIN  \\$aY$d20130610
=LAS  \\$aW2011-1472$b00$c20201127$lBLL01$h1833

