=LDR  02073 gm a2200421uu 4500
=001  016428442
=003  Uk
=005  20201127183330.0
=008  100813s2002\\\\xx\|||\|||||||||||mleng\d
=FMT  \\$a  VM
=035  \\$aASP764398/ant1
=245  00$aA Right to Belong
=260  \\$aWatertown, MA$bDocumentary Educational Resources (DER)$c2002
=306  \\$a11 minutes
=490  0\$aEthnographic Video Online, Volume 1
=505  00$aWhile once a dormant issue in Thailand, the inability to gain citizenship has developed into a problem that affects over 400,000 people in its low-income mountain regions. Recognizing citizenship among a nation is a basic human right, however the people of the mountain region - referred to as "Hill Tribes" - are facing a crisis that has led to the growth of trafficking of woman and children. In A Right to Belong, various Hill Tribe individuals discuss their personal experiences in attempts to gain citizenship, as well as explain how their communities as a whole have suffered.
=546  \\$aIn English
=650  04$aAkha
=650  04$aThai
=650  \4$aPolitics
=650  \4$aSex industry
=650  \4$aCitizenship
=700  1\$aFeingold, David, Ph. D.$4pro
=700  1\$aFeingold, David, Ph. D.$4aut
=700  1\$aFeingold, David, Ph. D.$4drt
=773  0\$dWatertown, MA : Documentary Educational Resources (DER), 2002
=856  40$uhttp://www.aspresolver.com/aspresolver.asp?ANTH;764398$yAlexander Street Press Ethnographic Video Online
=859  \\$aORR$bAlexander Street Press
=883  0\$aLanguage codes assigned by Bayesian analysis of words present in record$d20201028$qUk$c0.9010
=985  \\$aUpgraded by BSS-generated file for WR2011-1472
=CAT  \\$aWR13_071$b00$c20130610$lBLL01$h1613
=CAT  \\$aBATCH$b00$c20130610$lBLL01$h1613
=CAT  \\$aWR16_088$c20160606$lBLL01$h1632
=CAT  \\$aW1610-0368$c20161006$lBLL01$h0938
=CAT  \\$aW1606-1753$c20171028$lBLL01$h1352
=CAT  \\$aW2011-1472$b00$c20201127$lBLL01$h1833
=FIN  \\$aY$d20130610
=LAS  \\$aW2011-1472$b00$c20201127$lBLL01$h1833

