=LDR  01672 gm a2200469uu 4500
=001  016428443
=003  Uk
=005  20201127183330.0
=008  100813s2008\\\\xx\|||\|||||||||||mleng\d
=FMT  \\$a  VM
=035  \\$aASP1659387/ant1
=245  00$aThe Rings
=260  \\$aLondon, England$bBritish Broadcasting Corporation (BBC)$c2008
=306  \\$a46 minutes
=490  0\$aEthnographic Video Online, Volume 1
=505  00$aIn English
=600  14$aMartin, Alfred.
=650  04$aGerman
=650  \4$aJewelry
=650  \4$aTrenches
=650  \4$aMilitary war casualties
=650  \4$aArchaeological sites
=650  \4$aArchaeological excavation methods
=650  \4$aSoldiers
=700  1\$aKenyon, David.$4aut
=700  1\$aKushmaniuk, Victor$4drt
=700  1\$aRichings, Julian$4nrt
=700  1\$aRobertshaw, Andy$4ctb
=773  0\$dLondon, England : British Broadcasting Corporation (BBC), 2008
=856  40$uhttp://www.aspresolver.com/aspresolver.asp?ANTH;1659387$yAlexander Street Press Ethnographic Video Online
=859  \\$aORR$bAlexander Street Press
=883  0\$aLanguage codes assigned by Bayesian analysis of words present in record$d20201028$qUk$c0.9010
=985  \\$aUpgraded by BSS-generated file for WR2011-1472
=CAT  \\$aWR13_071$b00$c20130610$lBLL01$h1613
=CAT  \\$aBATCH$b00$c20130610$lBLL01$h1613
=CAT  \\$aWR16_088$c20160606$lBLL01$h1632
=CAT  \\$aBATCH-UPD$b00$c20160606$lBLL01$h1636
=CAT  \\$aW1610-0368$c20161006$lBLL01$h0938
=CAT  \\$aW1606-1753$c20171028$lBLL01$h1352
=CAT  \\$aW2011-1472$b00$c20201127$lBLL01$h1833
=FIN  \\$aY$d20130610
=LAS  \\$aW2011-1472$b00$c20201127$lBLL01$h1833

