=LDR  02068 gm a2200517uu 4500
=001  016428444
=003  Uk
=005  20201127183330.0
=008  100813s1972\\\\xx\|||\|||||||||||mleng\d
=FMT  \\$a  VM
=035  \\$aASP764400/ant1
=245  00$aA Rite of Passage
=260  \\$aWatertown, MA$bDocumentary Educational Resources (DER)$c1972
=306  \\$a14 minutes
=490  0\$aEthnographic Video Online, Volume 1
=505  00$aRecorded in 1953
=520  3\$aThis film, shot in 1952-53, documents the scarification ceremony called "marking" which was traditionally held for Ju/'hoan boys after they had killed their first large animal. Here, /Ti!kay, a boy of thirteen, shoots his first wildebeest with an arrow.
=546  \\$aIn English
=650  04$a!Kung
=650  04$aJu/'hoansi
=650  \4$aEthnosociology
=650  \4$aPersonal appearance
=650  \4$aGender
=650  \4$aCultural identity
=650  \4$aRural population
=650  \4$aLife stages
=650  \4$aReligious rites and ceremonies
=650  \4$aHunting
=700  1\$aMarshall, John,$d1932-2005$4pro
=700  1\$aMarshall, John,$d1932-2005$4aut
=700  1\$aMarshall, John,$d1932-2005$4drt
=773  0\$dWatertown, MA : Documentary Educational Resources (DER), 1972
=856  40$uhttp://www.aspresolver.com/aspresolver.asp?ANTH;764400$yAlexander Street Press Ethnographic Video Online
=859  \\$aORR$bAlexander Street Press
=883  0\$aLanguage codes assigned by Bayesian analysis of words present in record$d20201028$qUk$c0.9010
=985  \\$aUpgraded by BSS-generated file for WR2011-1472
=CAT  \\$aWR13_071$b00$c20130610$lBLL01$h1613
=CAT  \\$aBATCH$b00$c20130610$lBLL01$h1613
=CAT  \\$a7416$b40$c20150203$lBLL01$h1147
=CAT  \\$aBATCH-UPD$b40$c20150203$lBLL01$h1148
=CAT  \\$aWR16_088$c20160606$lBLL01$h1632
=CAT  \\$aW1610-0368$c20161006$lBLL01$h0938
=CAT  \\$aW1606-1753$c20171028$lBLL01$h1352
=CAT  \\$aW2011-1472$b00$c20201127$lBLL01$h1833
=FIN  \\$aY$d20130610
=LAS  \\$aW2011-1472$b00$c20201127$lBLL01$h1833

