=LDR  02474cgm a2200445uu 4500
=001  016428445
=003  Uk
=005  20201127183330.0
=008  100813s9999\\\\xx\|||\|||||||||||mleng\d
=FMT  \\$a  VM
=035  \\$aASP1784859/ant1
=245  00$aRiver People: Behind the Case of David Sohappy
=260  \\$aNew York, NY$bFilmakers Library
=306  \\$a50 minutes
=490  0\$aEthnographic Video Online, Volume 1
=520  3\$aRiver People documents a timely issue - the clash between an ancient culture and modern society. It is the story of David Sohappy, a Native-American spiritual leader who was sentenced to a five-year prison term for selling 317 salmon out of season. For twenty years Sohappy has fished in open defiance of all state and federal fishing laws. He claims he has an ancestral right to fish along Oregon's Columbia River. As a result, he has become a symbol of resistance for indigenous people of the Northwest United States and beyond.River People uses Sohappy's case to explore the historic conflict over the resources of the Columbia and the political controversy involving fishing rights and the right to religious freedom. Behind the controversy is the story of a man caught in a conflict between two cultures, and two seemingly irreconcilable ways of looking at the world.
=546  \\$aIn English
=650  04$aYakama
=650  \4$aTribal and national groups
=650  \4$aLaws and legislation
=650  \4$aCommercial fishing
=700  1\$aConford, Michal.$4pro
=700  1\$aZaccheo, Michele.$4pro
=700  1\$aConford, Michal.$4drt
=700  1\$aZaccheo, Michele.$4drt
=773  0\$dNew York, NY : Filmakers Library
=856  40$uhttp://www.aspresolver.com/aspresolver.asp?ANTH;1784859$yAlexander Street Press Ethnographic Video Online
=859  \\$aORR$bAlexander Street Press
=883  0\$aLanguage codes assigned by Bayesian analysis of words present in record$d20201028$qUk$c0.9010
=985  \\$aUpgraded by BSS-generated file for WR2011-1472
=CAT  \\$aWR13_071$b00$c20130610$lBLL01$h1613
=CAT  \\$aBATCH$b00$c20130610$lBLL01$h1613
=CAT  \\$aBATCH-UPD$b00$c20150404$lBLL01$h1619
=CAT  \\$aWR16_088$c20160606$lBLL01$h1632
=CAT  \\$aW1610-0368$c20161006$lBLL01$h0938
=CAT  \\$aW1606-1753$c20171028$lBLL01$h1352
=CAT  \\$aW2011-1472$b00$c20201127$lBLL01$h1833
=CAT  \\$aBATCH-UPD$b00$c20221004$lBLL01$h1947
=FIN  \\$aY$d20130610
=LAS  \\$aBATCH-UPD$b00$c20221004$lBLL01$h1947

