=LDR  01804 gm a2200445uu 4500
=001  016428446
=003  Uk
=005  20201127183330.0
=008  100813s1974\\\\xx\|||\|||||||||||mleng\d
=FMT  \\$a  VM
=035  \\$aASP1630842/ant1
=245  00$aRivers of Sand
=260  \\$aWatertown, MA$bDocumentary Educational Resources (DER)$c1974
=306  \\$a83 minutes
=490  0\$aEthnographic Video Online, Volume 1
=505  00$aThe people portrayed in this film are called Hamar. They dwell in the thorny scrubland of southwestern Ethiopia. They are isolated by some distant choice that now limits their movement and defines their condition.
=546  \\$aIn English
=650  04$aHammere
=650  \4$aDivision of labor
=650  \4$aGender roles
=650  \4$aCultural identity
=650  \4$aTribal and national groups
=650  \4$aPatriarchies
=700  1\$aGardner, Robert.$4aut
=700  1\$aGardner, Robert.$4drt
=700  1\$aGardner, Robert.$4nrt
=773  0\$dWatertown, MA : Documentary Educational Resources (DER), 1974
=856  40$uhttp://www.aspresolver.com/aspresolver.asp?ANTH;1630842$yAlexander Street Press Ethnographic Video Online
=859  \\$aORR$bAlexander Street Press
=883  0\$aLanguage codes assigned by Bayesian analysis of words present in record$d20201028$qUk$c0.9010
=985  \\$aUpgraded by BSS-generated file for WR2011-1472
=CAT  \\$aWR13_071$b00$c20130610$lBLL01$h1613
=CAT  \\$aBATCH$b00$c20130610$lBLL01$h1613
=CAT  \\$aWR16_088$c20160606$lBLL01$h1632
=CAT  \\$aBATCH-UPD$b00$c20160606$lBLL01$h1636
=CAT  \\$aW1610-0368$c20161006$lBLL01$h0938
=CAT  \\$aW1606-1753$c20171028$lBLL01$h1352
=CAT  \\$aW2011-1472$b00$c20201127$lBLL01$h1833
=FIN  \\$aY$d20130610
=LAS  \\$aW2011-1472$b00$c20201127$lBLL01$h1833

