=LDR  02065 gm a2200493uu 4500
=001  016428448
=003  Uk
=005  20201127183330.0
=008  100813s1987\\\\xx\|||\|||||||||||mleng\d
=FMT  \\$a  VM
=035  \\$aASP765130/ant1
=245  00$aRobert Coles: an intimate biographical interview
=260  \\$aWatertown, MA$bDocumentary Educational Resources (DER)$c1987
=306  \\$a58 minutes
=490  0\$aEthnographic Video Online, Volume 1
=505  00$aDr. Robert Coles is one of the most provocative and articulate social observers in America today. Professor of Psychiatry and Medical Humanities at Harvard University, Dr. Coles is recognized around the world for his social anthropological work with children. A Pulitzer Prize-winning author, he has written 38 books and hundreds of articles.
=546  \\$aIn English
=650  04$aAfrican American
=650  04$aAmerican
=650  \4$aEducation
=650  \4$aPsychology
=650  \4$aWriters
=650  \4$aAcademic life
=650  \4$aTeachers
=650  \4$aChildren
=650  \4$aDoctors
=700  1\$aBaird-Middleton, Bruce$4pro
=700  1\$aBaird-Middleton, Bruce$4aut
=700  1\$aBaird-Middleton, Bruce$4drt
=700  1\$aColes, Robert.$4oth
=773  0\$dWatertown, MA : Documentary Educational Resources (DER), 1987
=856  40$uhttp://www.aspresolver.com/aspresolver.asp?ANTH;765130$yAlexander Street Press Ethnographic Video Online
=859  \\$aORR$bAlexander Street Press
=883  0\$aLanguage codes assigned by Bayesian analysis of words present in record$d20201028$qUk$c0.9010
=985  \\$aUpgraded by BSS-generated file for WR2011-1472
=CAT  \\$aWR13_071$b00$c20130610$lBLL01$h1613
=CAT  \\$aBATCH$b00$c20130610$lBLL01$h1613
=CAT  \\$aWR16_088$c20160606$lBLL01$h1632
=CAT  \\$aBATCH-UPD$b00$c20160606$lBLL01$h1636
=CAT  \\$aW1610-0368$c20161006$lBLL01$h0938
=CAT  \\$aW1606-1753$c20171028$lBLL01$h1352
=CAT  \\$aW2011-1472$b00$c20201127$lBLL01$h1833
=FIN  \\$aY$d20130610
=LAS  \\$aW2011-1472$b00$c20201127$lBLL01$h1833

