=LDR  02215 gm a2200481uu 4500
=001  016428449
=003  Uk
=005  20201127183330.0
=008  100813s2003\\\\xx\|||\|||||||||||mleng\d
=FMT  \\$a  VM
=035  \\$aASP765132/ant1
=245  00$aRoma Stories (Japigia Gagì)
=260  \\$aWatertown, MA$bDocumentary Educational Resources (DER)$c2003
=306  \\$a59 minutes
=490  0\$aEthnographic Video Online, Volume 1
=505  00$aIn Japigia, a neighborhood in the periphery of Bari, Italy, a small community of Roma (Gypsies) carve out an existence in an illegal, ramshackle encampment. The local church has offered them a piece of land with prefabricated houses, but the town hall is preventing this offer due to their own plans for a future a railway station. Continually in danger of evacuation and making a living primarily by begging for money, the Roma still manage to foster a strong community and lively social atmosphere.
=546  \\$aIn Italian, Subtitles in English
=650  04$aRomani
=650  \4$aSlums
=650  \4$aBeggars
=650  \4$aArranged marriages
=650  \4$aTribal and national groups
=650  \4$aCultural change and history
=650  \4$aCultural identity
=700  1\$aPrincigalli, Giovanni.$4aut
=700  1\$aPrincigalli, Giovanni.$4drt
=700  1\$aAida$4oth
=700  1\$aDaniele$4oth
=700  1\$aDorina$4oth
=773  0\$dWatertown, MA : Documentary Educational Resources (DER), 2003
=856  40$uhttp://www.aspresolver.com/aspresolver.asp?ANTH;765132$yAlexander Street Press Ethnographic Video Online
=859  \\$aORR$bAlexander Street Press
=883  0\$aLanguage codes assigned by Bayesian analysis of words present in record$d20201028$qUk$c0.9010
=985  \\$aUpgraded by BSS-generated file for WR2011-1472
=CAT  \\$aWR13_071$b00$c20130610$lBLL01$h1613
=CAT  \\$aBATCH$b00$c20130610$lBLL01$h1613
=CAT  \\$aWR16_088$c20160606$lBLL01$h1632
=CAT  \\$aBATCH-UPD$b00$c20160606$lBLL01$h1636
=CAT  \\$aW1610-0368$c20161006$lBLL01$h0938
=CAT  \\$aW1606-1753$c20171028$lBLL01$h1352
=CAT  \\$aW2011-1472$b00$c20201127$lBLL01$h1833
=FIN  \\$aY$d20130610
=LAS  \\$aW2011-1472$b00$c20201127$lBLL01$h1833

