=LDR  01745 gm a2200397uu 4500
=001  016428450
=003  Uk
=005  20201127183330.0
=008  100813s1986\\\\xx\|||\|||||||||||mleng\d
=FMT  \\$a  VM
=035  \\$aASP765134/ant1
=245  00$aRomeria: Day of the Virgin
=260  \\$aWatertown, MA$bDocumentary Educational Resources (DER)$c1986
=306  \\$a54 minutes
=490  0\$aEthnographic Video Online, Volume 1
=505  00$aThe centerpiece of the film is a religious pilgrimage to a local shrine of the Virgin near the town of Alcala de los Gazules, Cadiz, Spain. Families make elaborate preparations for the day long event. Pilgrimage organizers and worshippers discuss the ambiguities of their beliefs and affiliations.
=546  \\$aIn Spanish, Subtitles in English
=650  04$aSpanish
=650  \4$aPilgrimage
=650  \4$aBlessed Virgin Mary
=650  \4$aCatholicism
=700  1\$aMintz, Jerome$4aut
=700  1\$aMintz, Jerome$4drt
=773  0\$dWatertown, MA : Documentary Educational Resources (DER), 1986
=856  40$uhttp://www.aspresolver.com/aspresolver.asp?ANTH;765134$yAlexander Street Press Ethnographic Video Online
=859  \\$aORR$bAlexander Street Press
=883  0\$aLanguage codes assigned by Bayesian analysis of words present in record$d20201028$qUk$c0.9010
=985  \\$aUpgraded by BSS-generated file for WR2011-1472
=CAT  \\$aWR13_071$b00$c20130610$lBLL01$h1613
=CAT  \\$aBATCH$b00$c20130610$lBLL01$h1613
=CAT  \\$aWR16_088$c20160606$lBLL01$h1632
=CAT  \\$aW1610-0368$c20161006$lBLL01$h0938
=CAT  \\$aW1606-1753$c20171028$lBLL01$h1352
=CAT  \\$aW2011-1472$b00$c20201127$lBLL01$h1833
=FIN  \\$aY$d20130610
=LAS  \\$aW2011-1472$b00$c20201127$lBLL01$h1833

