=LDR  02296 gm a2200517uu 4500
=001  016428451
=003  Uk
=005  20201127183330.0
=008  100813s2003\\\\xx\|||\|||||||||||mleng\d
=FMT  \\$a  VM
=035  \\$aASP765136/ant1
=245  00$aRoots of African Culture
=260  \\$aWatertown, MA$bDocumentary Educational Resources (DER)$c2003
=306  \\$a25 minutes
=490  0\$aEthnographic Video Online, Volume 1
=505  00$aHistorical revisionism and propaganda were important elements of apartheid ideology, proclaiming that black peoples were not the owners of Southern Africa by stating that the whites arrived in the same areas at nearly the same time. Today a crucial objective of South African education is to erase this interpretation as presented in earlier textbooks, and to give their students a genuine history of their country.
=546  \\$aIn English
=650  04$aAfrican
=650  \4$aArchaeological artifacts
=650  \4$aArchaeological dating methods
=650  \4$aArchaeological survey methods
=650  \4$aCultural change and history
=650  \4$aArchaeology
=700  1\$aChapman, Michael.$4aut
=700  1\$aTomaselli, Keyan$4aut
=700  1\$aChapman, Michael.$4drt
=700  1\$aTomaselli, Keyan$4drt
=700  1\$aGreenfield, Haskell$4oth
=700  1\$aGuy, Jeff.$4oth
=700  1\$aSeleti, Yonah.$4oth
=700  1\$aVan Schalkwyk, Leonard$4oth
=773  0\$dWatertown, MA : Documentary Educational Resources (DER), 2003
=856  40$uhttp://www.aspresolver.com/aspresolver.asp?ANTH;765136$yAlexander Street Press Ethnographic Video Online
=859  \\$aORR$bAlexander Street Press
=883  0\$aLanguage codes assigned by Bayesian analysis of words present in record$d20201028$qUk$c0.9010
=985  \\$aUpgraded by BSS-generated file for WR2011-1472
=CAT  \\$aWR13_071$b00$c20130610$lBLL01$h1613
=CAT  \\$aBATCH$b00$c20130610$lBLL01$h1613
=CAT  \\$aBATCH-UPD$b00$c20150109$lBLL01$h0005
=CAT  \\$aWR16_088$c20160606$lBLL01$h1632
=CAT  \\$aBATCH-UPD$b00$c20160606$lBLL01$h1636
=CAT  \\$aW1610-0368$c20161006$lBLL01$h0938
=CAT  \\$aW1606-1753$c20171028$lBLL01$h1352
=CAT  \\$aW2011-1472$b00$c20201127$lBLL01$h1833
=FIN  \\$aY$d20130610
=LAS  \\$aW2011-1472$b00$c20201127$lBLL01$h1833

