=LDR  02273 gm a2200541uu 4500
=001  016428452
=003  Uk
=005  20201127183330.0
=008  100813s1998\\\\xx\|||\|||||||||||mleng\d
=FMT  \\$a  VM
=035  \\$aASP765138/ant1
=245  00$aRouch's Gang
=260  \\$aWatertown, MA$bDocumentary Educational Resources (DER)$c1998
=306  \\$a70 minutes
=490  0\$aEthnographic Video Online, Volume 1
=505  00$aIn 1991, Jean Rouch started work on his new feature film Madame l'Eau, much of which was shot in Holland. The documentary Rouch's Gang follows the film crew and provides a glimpse behind the scenes as Jean Rouch and his four friends from Niger make their film. By providing an outsider's view of Madame l'Eau, the documentary provides insight into how Rouch approaches his films.
=546  \\$aIn French, Subtitles in English
=650  04$aNigerien (Niger)
=650  \4$aMale friends
=650  \4$aFilms
=650  \4$aFilmmaking
=650  \4$aEthnographic methodology
=700  1\$aVerhey, Joost.$4pro
=700  1\$aMeyknecht, Steef.$4aut
=700  1\$aNijiand, Dirk$4aut
=700  1\$aVerhey, Joost.$4aut
=700  1\$aMeyknecht, Steef.$4drt
=700  1\$aNijiand, Dirk$4drt
=700  1\$aVerhey, Joost.$4drt
=700  1\$aDia, Ibrahim$4oth
=700  1\$aHamidou, Moussa.$4oth
=700  1\$aMouzourane, Tallou.$4oth
=700  1\$aRouch, Jean.$4oth
=700  1\$aZika, Damouré.$4oth
=773  0\$dWatertown, MA : Documentary Educational Resources (DER), 1998
=856  40$uhttp://www.aspresolver.com/aspresolver.asp?ANTH;765138$yAlexander Street Press Ethnographic Video Online
=859  \\$aORR$bAlexander Street Press
=883  0\$aLanguage codes assigned by Bayesian analysis of words present in record$d20201028$qUk$c0.9010
=985  \\$aUpgraded by BSS-generated file for WR2011-1472
=CAT  \\$aWR13_071$b00$c20130610$lBLL01$h1613
=CAT  \\$aBATCH$b00$c20130610$lBLL01$h1613
=CAT  \\$aWR16_088$c20160606$lBLL01$h1632
=CAT  \\$aBATCH-UPD$b00$c20160606$lBLL01$h1636
=CAT  \\$aW1610-0368$c20161006$lBLL01$h0938
=CAT  \\$aW1606-1753$c20171028$lBLL01$h1352
=CAT  \\$aW2011-1472$b00$c20201127$lBLL01$h1833
=FIN  \\$aY$d20130610
=LAS  \\$aW2011-1472$b00$c20201127$lBLL01$h1833

