=LDR  02078 gm a2200505uu 4500
=001  016428454
=003  Uk
=005  20201127183330.0
=008  100813s2006\\\\xx\|||\|||||||||||mleng\d
=FMT  \\$a  VM
=035  \\$aASP765140/ant1
=245  00$aRunning Out of Time
=260  \\$aWatertown, MA$bDocumentary Educational Resources (DER)$c2006
=306  \\$a104 minutes
=490  0\$aEthnographic Video Online, Volume 1
=505  00$aIn many ways the heart of indigenous India, mineral rich Jharkhand is and has been at the core of India's industrial development after Independence. The indigenous Adivasi people of Jharkhand have borne the brunt of what is arguably India's most fundamental developmental conflict, which has pushed them to the verge of extinction as an agricultural people.
=546  \\$aIn English
=650  04$aAdivasi
=650  \4$aDrought
=650  \4$aWater supply
=650  \4$aAgriculture
=650  \4$aForests
=650  \4$aPollution
=650  \4$aIndustry
=650  \4$aProperty rights
=650  \4$aCoal mining
=650  \4$aTribal and national groups
=700  1\$aHussein, Ahmed$4pro
=700  1\$aKarlekar, Abhijay$4aut
=700  1\$aKarlekar, Abhijay$4drt
=700  1\$aGhosh, Probir.$4nrt
=773  0\$dWatertown, MA : Documentary Educational Resources (DER), 2006
=856  40$uhttp://www.aspresolver.com/aspresolver.asp?ANTH;765140$yAlexander Street Press Ethnographic Video Online
=859  \\$aORR$bAlexander Street Press
=883  0\$aLanguage codes assigned by Bayesian analysis of words present in record$d20201028$qUk$c0.9010
=985  \\$aUpgraded by BSS-generated file for WR2011-1472
=CAT  \\$aWR13_071$b00$c20130610$lBLL01$h1613
=CAT  \\$aBATCH$b00$c20130610$lBLL01$h1613
=CAT  \\$aWR16_088$c20160606$lBLL01$h1632
=CAT  \\$aBATCH-UPD$b00$c20160606$lBLL01$h1636
=CAT  \\$aW1610-0368$c20161006$lBLL01$h0938
=CAT  \\$aW1606-1753$c20171028$lBLL01$h1352
=CAT  \\$aW2011-1472$b00$c20201127$lBLL01$h1833
=FIN  \\$aY$d20130610
=LAS  \\$aW2011-1472$b00$c20201127$lBLL01$h1833

