=LDR  01993 gm a2200457uu 4500
=001  016428455
=003  Uk
=005  20201127183330.0
=008  100813s1997\\\\xx\|||\|||||||||||mleng\d
=FMT  \\$a  VM
=035  \\$aASP1879412/ant1
=245  00$aSacred Crocodiles Of Lake Anivorano (Madagascar)
=260  \\$aParis, France$bZED$c1997
=306  \\$a32 minutes
=490  0\$aEthnographic Video Online, Volume 1
=505  00$aToday exists ethnic minorities whose daily lives continue to bear witness to contemporary myths : these legends are their faith, and the animals, their gods. From the Indonesian horsemen of Sumba Island to the wild elephant tamers of the Vietnamese forest, this collection reveals the most wondrous of beliefs which unite man and animal in the spectacular, thousand-year old fulfillment of a magical destiny.
=546  \\$aIn English
=650  04$aMalagasy
=650  \4$aSeafaring life
=650  \4$aTribal and national groups
=650  \4$aCultural identity
=650  \4$aLizards
=650  \4$aSpiritual guidance
=650  \4$aSpirituality
=700  1\$aCatteau, Manuel$4pro
=700  1\$aSégur, Benoît$4drt
=700  1\$aFloersheim, Patrick.$4nrt
=773  0\$dParis, France : ZED, 1997
=856  40$uhttp://www.aspresolver.com/aspresolver.asp?ANTH;1879412$yAlexander Street Press Ethnographic Video Online
=859  \\$aORR$bAlexander Street Press
=883  0\$aLanguage codes assigned by Bayesian analysis of words present in record$d20201028$qUk$c0.9010
=985  \\$aUpgraded by BSS-generated file for WR2011-1472
=CAT  \\$aWR13_071$b00$c20130610$lBLL01$h1613
=CAT  \\$aBATCH$b00$c20130610$lBLL01$h1613
=CAT  \\$aWR16_088$c20160606$lBLL01$h1632
=CAT  \\$aBATCH-UPD$b00$c20160606$lBLL01$h1636
=CAT  \\$aW1610-0368$c20161006$lBLL01$h0938
=CAT  \\$aW1606-1753$c20171028$lBLL01$h1352
=CAT  \\$aW2011-1472$b00$c20201127$lBLL01$h1833
=FIN  \\$aY$d20130610
=LAS  \\$aW2011-1472$b00$c20201127$lBLL01$h1833

