=LDR  02505 gm a2200457uu 4500
=001  016428456
=003  Uk
=005  20201127183330.0
=008  100813s1999\\\\xx\|||\|||||||||||mleng\d
=FMT  \\$a  VM
=035  \\$aASP1879587/ant1
=245  00$aSacred Fishing In Entogo
=260  \\$aParis, France$bZED$c1999
=306  \\$a26 minutes
=490  0\$aEthnographic Video Online, Volume 1
=505  00$aRitual fishing in a pond in Eastern Mali by the Dogon people.The Dogon arrived in Eastern Mali in the 14th century.Once a year they organise a ritual fishing trip to the Entogo sacred pond to bring good luck to all the participants.The date for fishing is carefully chosen by the elders and Amadoun is the designated messenger to go around and announce the date, with his 13-year-old son Idrissa who is proud to be travelling with his father for the first time.For the Dogon, speech and weaving are closely linked.The word is in the sound of the pulley and the shuttle, filling the empty spaces between the threads.They say here that the stomach is a forge which manufactures speech.Heated by the fire, the water is turned into sound vapor, which becomes loaded with meaning and surges to the throat.At Entogo, the fishing lasts only a quarter of an hour, and each man must trap some of these precious fish, an assurance of peace and happiness in the year to come.
=546  \\$aIn English
=650  04$aDogon
=650  \4$aMores
=650  \4$aMyths and legends
=650  \4$aSpirituality
=650  \4$aTribal and national groups
=650  \4$aCultural identity
=650  \4$aFish
=700  1\$aCatteau, Manuel$4pro
=700  1\$aLelièvre, Olivier.$4drt
=700  1\$aWenger, Allan$4nrt
=773  0\$dParis, France : ZED, 1999
=856  40$uhttp://www.aspresolver.com/aspresolver.asp?ANTH;1879587$yAlexander Street Press Ethnographic Video Online
=859  \\$aORR$bAlexander Street Press
=883  0\$aLanguage codes assigned by Bayesian analysis of words present in record$d20201028$qUk$c0.9010
=985  \\$aUpgraded by BSS-generated file for WR2011-1472
=CAT  \\$aWR13_071$b00$c20130610$lBLL01$h1613
=CAT  \\$aBATCH$b00$c20130610$lBLL01$h1613
=CAT  \\$aWR16_088$c20160606$lBLL01$h1632
=CAT  \\$aBATCH-UPD$b00$c20160606$lBLL01$h1636
=CAT  \\$aW1610-0368$c20161006$lBLL01$h0938
=CAT  \\$aW1606-1753$c20171028$lBLL01$h1352
=CAT  \\$aW2011-1472$b00$c20201127$lBLL01$h1833
=FIN  \\$aY$d20130610
=LAS  \\$aW2011-1472$b00$c20201127$lBLL01$h1833

