=LDR  01757 gm a2200445uu 4500
=001  016428458
=003  Uk
=005  20201127183330.0
=008  100813s9999\\\\xx\|||\|||||||||||mleng\d
=FMT  \\$a  VM
=035  \\$aASP1879650/ant1
=245  00$aSacred Harp Singers
=260  \\$aLondon, UK$bRoyal Anthropological Institute
=306  \\$a84 minutes
=490  0\$aEthnographic Video Online, Volume 1
=505  00$aA moving portrait of harp singers Leonard and Maxine Lacy. Sacred harp music is a kind of harmonised plainsong practised in rural America. This film was shot in Sand Mountain, Alabama, and is recommended for Ethnomusicology in particular.
=546  \\$aIn English
=650  04$aAmerican
=650  \4$aFarm life
=650  \4$aEthnomusicology
=650  \4$aHymns
=650  \4$aSinging
=650  \4$aChurch services
=700  1\$aBrice, Mark.$4drt
=700  1\$aLacy, Leonard$4oth
=700  1\$aLacy, Maxine$4oth
=773  0\$dLondon, UK : Royal Anthropological Institute
=856  40$uhttp://www.aspresolver.com/aspresolver.asp?ANTH;1879650$yAlexander Street Press Ethnographic Video Online
=859  \\$aORR$bAlexander Street Press
=883  0\$aLanguage codes assigned by Bayesian analysis of words present in record$d20201028$qUk$c0.9010
=985  \\$aUpgraded by BSS-generated file for WR2011-1472
=CAT  \\$aWR13_071$b00$c20130610$lBLL01$h1613
=CAT  \\$aBATCH$b00$c20130610$lBLL01$h1613
=CAT  \\$aWR16_088$c20160606$lBLL01$h1632
=CAT  \\$aBATCH-UPD$b00$c20160606$lBLL01$h1636
=CAT  \\$aW1610-0368$c20161006$lBLL01$h0938
=CAT  \\$aW1606-1753$c20171028$lBLL01$h1352
=CAT  \\$aW2011-1472$b00$c20201127$lBLL01$h1833
=FIN  \\$aY$d20130610
=LAS  \\$aW2011-1472$b00$c20201127$lBLL01$h1833

