=LDR  02188 gm a2200457uu 4500
=001  016428460
=003  Uk
=005  20201127183330.0
=008  100813s9999\\\\xx\|||\|||||||||||mleng\d
=FMT  \\$a  VM
=035  \\$aASP1871087/ant1
=245  00$aSahara's Secret Garden
=260  \\$aParis, France$bZED
=306  \\$a52 minutes
=490  0\$aEthnographic Video Online, Volume 1
=505  00$aIn the north of Chad, in the heart of the Sahara desert, lies a forgotten mountain massif, which shelters, in its secret canyons, a flora and fauna of breathtaking beauty.In 1950, Hubert Gillet, a professor at the Museum of Natural History in Paris, began to explore this lost paradise. For more than a decade, he travelled through these mysterious mountains, on the back of a camel, discovering « a unique flora and fauna, relics of a golden age, which has survived in the depths of the Sahara Desert ».Even today, access to the Ennedi massif is difficult, and only a few rare nomads have been privileged enough to penetrate the heart of this astounding massif.
=546  \\$aIn English
=600  14$aGillet, Hubert.
=650  04$aEnnedi
=650  \4$aCamels
=650  \4$aDesert travel
=650  \4$aEthnographic research theory
=650  \4$aEthnobotany
=650  \4$aPlants
=700  1\$aFlauder, Gauthier.$4drt
=700  1\$aGillet, Hubert.$4oth
=700  1\$aWenger, Allan$4nrt
=773  0\$dParis, France : ZED
=856  40$uhttp://www.aspresolver.com/aspresolver.asp?ANTH;1871087$yAlexander Street Press Ethnographic Video Online
=859  \\$aORR$bAlexander Street Press
=883  0\$aLanguage codes assigned by Bayesian analysis of words present in record$d20201028$qUk$c0.9010
=985  \\$aUpgraded by BSS-generated file for WR2011-1472
=CAT  \\$aWR13_071$b00$c20130610$lBLL01$h1613
=CAT  \\$aBATCH$b00$c20130610$lBLL01$h1613
=CAT  \\$aWR16_088$c20160606$lBLL01$h1632
=CAT  \\$aBATCH-UPD$b00$c20160606$lBLL01$h1636
=CAT  \\$aW1610-0368$c20161006$lBLL01$h0938
=CAT  \\$aW1606-1753$c20171028$lBLL01$h1352
=CAT  \\$aW2011-1472$b00$c20201127$lBLL01$h1833
=FIN  \\$aY$d20130610
=LAS  \\$aW2011-1472$b00$c20201127$lBLL01$h1833

