=LDR  02022 gm a2200481uu 4500
=001  016428461
=003  Uk
=005  20201127183330.0
=008  100813s9999\\\\xx\|||\|||||||||||mleng\d
=FMT  \\$a  VM
=035  \\$aASP1879425/ant1
=245  00$aThe Salmon People (Canada)
=260  \\$aParis, France$bZED
=306  \\$a28 minutes
=490  0\$aEthnographic Video Online, Volume 1
=505  00$aToday exists ethnic minorities whose daily lives continue to bear witness to contemporary myths : these legends are their faith, and the animals, their gods. From the Indonesian horsemen of Sumba Island to the wild elephant tamers of the Vietnamese forest, this collection reveals the most wondrous of beliefs which unite man and animal in the spectacular, thousand-year old fulfilment of a magical destiny.
=546  \\$aIn English
=650  04$aAmerican Indian
=650  04$aHaida
=650  \4$aCultural identity
=650  \4$aSpiritual guidance
=650  \4$aMyths and legends
=650  \4$aTribal and national groups
=650  \4$aAmerican Indians
=650  \4$aPatience
=650  \4$aFish
=700  1\$aCatteau, Manuel$4pro
=700  1\$aCorillion, Jean-Michel.$4drt
=700  1\$aFloersheim, Patrick.$4nrt
=773  0\$dParis, France : ZED
=856  40$uhttp://www.aspresolver.com/aspresolver.asp?ANTH;1879425$yAlexander Street Press Ethnographic Video Online
=859  \\$aORR$bAlexander Street Press
=883  0\$aLanguage codes assigned by Bayesian analysis of words present in record$d20201028$qUk$c0.9010
=985  \\$aUpgraded by BSS-generated file for WR2011-1472
=CAT  \\$aWR13_071$b00$c20130610$lBLL01$h1613
=CAT  \\$aBATCH$b00$c20130610$lBLL01$h1613
=CAT  \\$aWR16_088$c20160606$lBLL01$h1632
=CAT  \\$aBATCH-UPD$b00$c20160606$lBLL01$h1636
=CAT  \\$aW1610-0368$c20161006$lBLL01$h0938
=CAT  \\$aW1606-1753$c20171028$lBLL01$h1352
=CAT  \\$aW2011-1472$b00$c20201127$lBLL01$h1833
=FIN  \\$aY$d20130610
=LAS  \\$aW2011-1472$b00$c20201127$lBLL01$h1833

