=LDR  02663 gm a2200481uu 4500
=001  016428462
=003  Uk
=005  20201127183330.0
=008  100813s9999\\\\xx\|||\|||||||||||mleng\d
=FMT  \\$a  VM
=035  \\$aASP1689388/ant1
=245  00$aSalt Harvesters of Ghana
=260  \\$aNew York, NY$bFilmakers Library
=306  \\$a18 minutes
=490  0\$aEthnographic Video Online, Volume 1
=505  00$aThis starkly beautiful film exemplifies the burden borne by African women to survive and support their families. The Ghanaian women who live on a lagoon in Ada, mine for salt with their bare hands during the three month-long dry season. Ankle deep in brackish water, they bend, scoop, bag and tote the raw salt, often developing sores and swellings. But they are happy to have this seasonal work and their indomitable spirit shines through. They boast that the men would not be as skillful in collecting and cleaning the salt. Their families depend on the meager income from the sale of salt to provide food and clean water.Women have done this back-breaking work for the last three hundred years. Although they dream of improving their lives with their income, in the end they have to spend all of the earnings on sustenance. While the government has promised them clean water, it has yet to materialize. The soundtrack includes traditional work songs as well as an original song by Ghanaian musicians.
=650  04$aGhanaian
=650  \4$aPoverty
=650  \4$aGender roles
=650  \4$aDivision of labor
=650  \4$aMiners
=650  \4$aSalt mines
=700  1\$aRock, Marcia.$4pro
=700  1\$aWilliams, Peter.$4pro
=700  1\$aRock, Marcia.$4drt
=700  1\$aOlertey, Esther$4oth
=700  1\$aTorgbenu, Constance Akler$4oth
=700  1\$aStotter, Patricia Lee.$4nrt
=773  0\$dNew York, NY : Filmakers Library
=856  40$uhttp://www.aspresolver.com/aspresolver.asp?ANTH;1689388$yAlexander Street Press Ethnographic Video Online
=859  \\$aORR$bAlexander Street Press
=883  0\$aLanguage codes assigned by Bayesian analysis of words present in record$d20201028$qUk$c0.9010
=985  \\$aUpgraded by BSS-generated file for WR2011-1472
=CAT  \\$aWR13_071$b00$c20130610$lBLL01$h1613
=CAT  \\$aBATCH$b00$c20130610$lBLL01$h1613
=CAT  \\$aBATCH-UPD$b00$c20141222$lBLL01$h2134
=CAT  \\$aBATCH-UPD$b00$c20150429$lBLL01$h1159
=CAT  \\$aWR16_088$c20160606$lBLL01$h1632
=CAT  \\$aW1610-0368$c20161006$lBLL01$h0938
=CAT  \\$aW1606-1753$c20171028$lBLL01$h1352
=CAT  \\$aW2011-1472$b00$c20201127$lBLL01$h1833
=FIN  \\$aY$d20130610
=LAS  \\$aW2011-1472$b00$c20201127$lBLL01$h1833

