=LDR  01638 gm a2200469uu 4500
=001  016428464
=003  Uk
=005  20201127183330.0
=008  100813s1981\\\\xx\|||\|||||||||||mleng\d
=FMT  \\$a  VM
=035  \\$aASP1779496/ant1
=245  00$aThe Samurai from Twickenham
=260  \\$aLondon, England$bBritish Broadcasting Corporation (BBC)$c1981
=306  \\$a49 minutes
=490  0\$aEthnographic Video Online, Volume 1
=505  00$aIn English
=650  04$aJapanese
=650  \4$aCommunity events
=650  \4$aContests and competitions
=650  \4$aMilitary training
=650  \4$aMartial arts
=650  \4$aHorses
=650  \4$aHorse racing
=650  \4$aMilitary armor
=650  \4$aSwords
=650  \4$aCultural identity
=650  \4$aCultural assimilation
=700  1\$aSalmon, Tony$4pro
=700  1\$aSalmon, Tony$4aut
=773  0\$dLondon, England : British Broadcasting Corporation (BBC), 1981
=856  40$uhttp://www.aspresolver.com/aspresolver.asp?ANTH;1779496$yAlexander Street Press Ethnographic Video Online
=859  \\$aORR$bAlexander Street Press
=883  0\$aLanguage codes assigned by Bayesian analysis of words present in record$d20201028$qUk$c0.9010
=985  \\$aUpgraded by BSS-generated file for WR2011-1472
=CAT  \\$aWR13_071$b00$c20130610$lBLL01$h1613
=CAT  \\$aBATCH$b00$c20130610$lBLL01$h1613
=CAT  \\$aWR16_088$c20160606$lBLL01$h1632
=CAT  \\$aW1610-0368$c20161006$lBLL01$h0938
=CAT  \\$aW1606-1753$c20171028$lBLL01$h1352
=CAT  \\$aW2011-1472$b00$c20201127$lBLL01$h1833
=FIN  \\$aY$d20130610
=LAS  \\$aW2011-1472$b00$c20201127$lBLL01$h1833

