=LDR  02151 gm a2200553uu 4500
=001  016428466
=003  Uk
=005  20201127183330.0
=008  100813s2002\\\\xx\|||\|||||||||||mleng\d
=FMT  \\$a  VM
=035  \\$aASP765144/ant1
=245  00$aSastun: My Apprenticeship With A Maya Healer
=260  \\$aWatertown, MA$bDocumentary Educational Resources (DER)$c2002
=306  \\$a20 minutes
=490  0\$aEthnographic Video Online, Volume 1
=505  00$aRecorded in 2001
=520  3\$aSastun tells the story of American herbalist Rosita Arvigo, whose quest to explore the healing powers of plants led her to the rain forest of Belize where she befriended one of the last remaining Maya shamans, Don Elijio Panti.
=546  \\$aIn English
=650  04$aMaya
=650  \4$aForests
=650  \4$aEnvironment
=650  \4$aAlternative medicine
=650  \4$aShamanism
=650  \4$aHerbalism
=650  \4$aBotany
=700  1\$aLangsdorff, Eva.$4pro
=700  1\$aVerweyen, Guido.$4pro
=700  1\$aVerweyen, Guido.$4aut
=700  1\$aVerweyen, Guido.$4drt
=700  1\$aArvigo, Rosita.$4oth
=700  1\$aBalick, Michael$4oth
=700  1\$aPanti, Don Elijio$4oth
=700  1\$aShropshire, Gregory$4oth
=700  1\$aAdams, Julie.$4nrt
=773  0\$dWatertown, MA : Documentary Educational Resources (DER), 2002
=856  40$uhttp://www.aspresolver.com/aspresolver.asp?ANTH;765144$yAlexander Street Press Ethnographic Video Online
=859  \\$aORR$bAlexander Street Press
=883  0\$aLanguage codes assigned by Bayesian analysis of words present in record$d20201028$qUk$c0.9010
=985  \\$aUpgraded by BSS-generated file for WR2011-1472
=CAT  \\$aWR13_071$b00$c20130610$lBLL01$h1613
=CAT  \\$aBATCH$b00$c20130610$lBLL01$h1613
=CAT  \\$aBATCH-UPD$b00$c20141215$lBLL01$h0308
=CAT  \\$aWR16_088$c20160606$lBLL01$h1632
=CAT  \\$aBATCH-UPD$b00$c20160606$lBLL01$h1636
=CAT  \\$aW1610-0368$c20161006$lBLL01$h0938
=CAT  \\$aW1606-1753$c20171028$lBLL01$h1352
=CAT  \\$aW2011-1472$b00$c20201127$lBLL01$h1833
=FIN  \\$aY$d20130610
=LAS  \\$aW2011-1472$b00$c20201127$lBLL01$h1833

