=LDR  02415 gm a2200589uu 4500
=001  016428468
=003  Uk
=005  20201127183330.0
=008  100813s1991\\\\xx\|||\|||||||||||mleng\d
=FMT  \\$a  VM
=035  \\$aASP765148/ant1
=245  00$aSaudade (Nostalgia)
=260  \\$aWatertown, MA$bDocumentary Educational Resources (DER)$c1991
=306  \\$a57 minutes
=490  0\$aEthnographic Video Online, Volume 1
=505  00$aSaudade (nostalgia) provides a sensitive and perceptive portrait of the human dimension of immigration. Placed against a background of local history, this video highlights how Portuguese immigrants have recreated their homeland's past in their everyday life in New Bedford, Massachusetts during much of this century.
=546  \\$aIn Portuguese
=650  04$aPortuguese
=650  \4$aMemories
=650  \4$aEconomic conditions
=650  \4$aCultural identity
=650  \4$aImmigrant populations
=650  \4$aCultural assimilation
=650  \4$aTribal and national groups
=700  1\$aFeldman-Bianco, Bela.$4pro
=700  1\$aFeldman-Bianco, Bela.$4aut
=700  1\$aFeldman-Bianco, Bela.$4drt
=700  1\$aMajoros, Michael$4drt
=700  1\$aO'Neill, Peter.$4drt
=700  1\$aCarvalho, Maria José.$4oth
=700  1\$aCordeiro, Francelina$4oth
=700  1\$aDo Carmo Pereira, Maria$4oth
=700  1\$aFernandes, Manny$4oth
=700  1\$aPinho, Manuel.$4oth
=700  1\$aSousa, Basilio$4oth
=700  1\$aViera, Joe$4oth
=700  1\$aSousa, Frank F.$4nrt
=773  0\$dWatertown, MA : Documentary Educational Resources (DER), 1991
=856  40$uhttp://www.aspresolver.com/aspresolver.asp?ANTH;765148$yAlexander Street Press Ethnographic Video Online
=859  \\$aORR$bAlexander Street Press
=883  0\$aLanguage codes assigned by Bayesian analysis of words present in record$d20201028$qUk$c0.9010
=985  \\$aUpgraded by BSS-generated file for WR2011-1472
=CAT  \\$aWR13_071$b00$c20130610$lBLL01$h1613
=CAT  \\$aBATCH$b00$c20130610$lBLL01$h1613
=CAT  \\$aBATCH-UPD$b00$c20130610$lBLL01$h1622
=CAT  \\$aWR16_088$c20160606$lBLL01$h1632
=CAT  \\$aBATCH-UPD$b00$c20160606$lBLL01$h1636
=CAT  \\$aW1610-0368$c20161006$lBLL01$h0938
=CAT  \\$aW1606-1753$c20171028$lBLL01$h1352
=CAT  \\$aW2011-1472$b00$c20201127$lBLL01$h1833
=FIN  \\$aY$d20130610
=LAS  \\$aW2011-1472$b00$c20201127$lBLL01$h1833

