=LDR  02674 gm a2200421uu 4500
=001  016428469
=003  Uk
=005  20201127183330.0
=008  100813s9999\\\\xx\|||\|||||||||||mleng\d
=FMT  \\$a  VM
=035  \\$aASP1785109/ant1
=245  00$aSax Country - The Music of the Central Andes
=260  \\$aNew York, NY$bFilmakers Library
=306  \\$a71 minutes
=490  0\$aEthnographic Video Online, Volume 1
=520  3\$aThis is the surprising tale of how a mountainous region in the Peruvian Andes came to adopt saxophone music as it was played in New York City in the big band era of the 40's and 50's. Here in the Montaro Valley, 10,000 feet above sea level, blues, jazz and rock and roll is interpreted in the rhythms and melodies of folkloric traditions. Every folk orchestra in the Peruvian central mountains has at least eleven or twelve saxophones, accompanied by a violin, a harp and one or two clarinets We see how the local musicians imitate the New York style of the big band era, wearing dark, beautifully tailored suits, Al Capone fedoras and neckties, often emblazoned with "I Love New York."In this poor rural area, weddings take on the magic and exuberance of the world of Garcia Marquez. The smallest wedding has at least two orchestras, with eighteen musicians each. The music never stops. The musicians accompany the bride, dancing through the streets of the village along with the guests.. This lively film is fascinating musical anthropology as well as a heart warming portrait of musicians passionate about their heritage, but also longing for recognition in the larger world.
=546  \\$aIn Spanish, Subtitles in English
=650  04$aPeruvian
=650  \4$aSongs
=650  \4$aCultural identity
=650  \4$aFolk music
=650  \4$aMusic
=700  1\$aGoldenberg, Sonia.$4pro
=700  1\$aGoldenberg, Sonia.$4drt
=773  0\$dNew York, NY : Filmakers Library
=856  40$uhttp://www.aspresolver.com/aspresolver.asp?ANTH;1785109$yAlexander Street Press Ethnographic Video Online
=859  \\$aORR$bAlexander Street Press
=883  0\$aLanguage codes assigned by Bayesian analysis of words present in record$d20201028$qUk$c0.9010
=985  \\$aUpgraded by BSS-generated file for WR2011-1472
=CAT  \\$aWR13_071$b00$c20130610$lBLL01$h1613
=CAT  \\$aBATCH$b00$c20130610$lBLL01$h1613
=CAT  \\$aWR16_088$c20160606$lBLL01$h1632
=CAT  \\$aBATCH-UPD$b00$c20160606$lBLL01$h1636
=CAT  \\$aW1610-0368$c20161006$lBLL01$h0938
=CAT  \\$aW1606-1753$c20171028$lBLL01$h1352
=CAT  \\$aW2011-1472$b00$c20201127$lBLL01$h1833
=FIN  \\$aY$d20130610
=LAS  \\$aW2011-1472$b00$c20201127$lBLL01$h1833

