=LDR  01977 gm a2200481uu 4500
=001  016428475
=003  Uk
=005  20201127183330.0
=008  100813s9999\\\\xx\|||\|||||||||||mleng\d
=FMT  \\$a  VM
=035  \\$aASP765186/ant1
=245  00$aScreening Room with Les Blank
=260  \\$aWatertown, MA$bDocumentary Educational Resources (DER)
=306  \\$a1 minute
=490  0\$aEthnographic Video Online, Volume 1
=505  00$tTrack 1 of 1$tScreening Room with Les Blank
=518  \\$aRecorded in 1973
=520  3\$aLes Blank, along with music writer Peter Guralnick, appeared on Screening Room in January 1973 to discuss his recent work and screen The Blues Accordin' to Lightnin' Hopkins, also footage from what later comprised Dry Wood and Hot Pepper.
=546  \\$aIn English
=600  14$aGardner, Robert.
=600  14$aBlank, Les.
=650  04$aAmerican
=650  \4$aRace relations
=650  \4$aFilms and filmmaking careers
=700  1\$aGardner, Robert.$4pro
=700  1\$aGardner, Robert.$4drt
=700  1\$aGuralnick, Peter.$4oth
=700  1\$aBlank, Les.$4oth
=773  0\$dWatertown, MA : Documentary Educational Resources (DER)
=856  40$uhttp://www.aspresolver.com/aspresolver.asp?ANTH;765186$yAlexander Street Press Ethnographic Video Online
=859  \\$aORR$bAlexander Street Press
=883  0\$aLanguage codes assigned by Bayesian analysis of words present in record$d20201028$qUk$c0.9010
=985  \\$aUpgraded by BSS-generated file for WR2011-1472
=CAT  \\$aWR13_071$b00$c20130610$lBLL01$h1613
=CAT  \\$aBATCH$b00$c20130610$lBLL01$h1613
=CAT  \\$aBATCH-UPD$b00$c20130610$lBLL01$h1620
=CAT  \\$aWR16_088$c20160606$lBLL01$h1632
=CAT  \\$aBATCH-UPD$b00$c20160606$lBLL01$h1636
=CAT  \\$aW1610-0368$c20161006$lBLL01$h0938
=CAT  \\$aW1606-1753$c20171028$lBLL01$h1352
=CAT  \\$aW2011-1472$b00$c20201127$lBLL01$h1833
=FIN  \\$aY$d20130610
=LAS  \\$aW2011-1472$b00$c20201127$lBLL01$h1833

