=LDR  01921 gm a2200469uu 4500
=001  016428476
=003  Uk
=005  20201127183330.0
=008  100813s1973\\\\xx\|||\|||||||||||mleng\d
=FMT  \\$a  VM
=035  \\$aASP765194/ant1
=245  00$aScreening Room with Ricky Leacock
=260  \\$aWatertown, MA$bDocumentary Educational Resources (DER)$c1973
=306  \\$a63 minutes
=490  0\$aEthnographic Video Online, Volume 1
=505  00$aRicky Leacock visited Screening Room on June 15, 1973, with Al Mecklenburg and Jon Rosenfeld. He demonstrates super-8 sync technology and screens excerpts from his films Republicans: The New Breed and Queens of Apollo, as well as rare footage of Indira Ghandi.
=546  \\$aIn English
=650  \4$aEquipment
=650  \4$aCameras
=650  \4$aFilms
=650  \4$aFilmmaking
=700  1\$aGardner, Robert.$4pro
=700  1\$aGardner, Robert.$4aut
=700  1\$aGardner, Robert.$4drt
=700  1\$aMecklenberg, Al$4oth
=700  1\$aGardner, Robert.$4oth
=700  1\$aRosenfeld, Jon$4oth
=700  1\$aLeacock, Ricky$4oth
=773  0\$dWatertown, MA : Documentary Educational Resources (DER), 1973
=856  40$uhttp://www.aspresolver.com/aspresolver.asp?ANTH;765194$yAlexander Street Press Ethnographic Video Online
=859  \\$aORR$bAlexander Street Press
=883  0\$aLanguage codes assigned by Bayesian analysis of words present in record$d20201028$qUk$c0.9010
=985  \\$aUpgraded by BSS-generated file for WR2011-1472
=CAT  \\$aWR13_071$b00$c20130610$lBLL01$h1613
=CAT  \\$aBATCH$b00$c20130610$lBLL01$h1613
=CAT  \\$aWR16_088$c20160606$lBLL01$h1632
=CAT  \\$aBATCH-UPD$b00$c20160606$lBLL01$h1636
=CAT  \\$aW1610-0368$c20161006$lBLL01$h0938
=CAT  \\$aW1606-1753$c20171028$lBLL01$h1352
=CAT  \\$aW2011-1472$b00$c20201127$lBLL01$h1833
=FIN  \\$aY$d20130610
=LAS  \\$aW2011-1472$b00$c20201127$lBLL01$h1833

