=LDR  02099 gm a2200433uu 4500
=001  016428477
=003  Uk
=005  20201127183330.0
=008  100813s1997\\\\xx\|||\|||||||||||mleng\d
=FMT  \\$a  VM
=035  \\$aASP1871102/ant1
=245  00$aSea Legends: Cocodrileros
=260  \\$aParis, France$bZED$c1997
=306  \\$a27 minutes
=490  0\$aEthnographic Video Online, Volume 1
=505  00$aLong ago, Earth was dominated by supernatural spirits living in the oceans. Man however, lived in perfect harmony with them, thanks to a sacred alliance he concluded with the marine mammals.Today however, throughout the world, exist ethnic minorities whose daily lives continue to bear witness to contemporary myths : these legends are their faith, and the animals, their gods.From the shark tamers of the Pacific to the crocodile hunters of the Australian reef, "Sea legends" reveals the most wondrous of beliefs which unite man and nature in the spectacular, thousand-year old fulfillment of a magical destiny.
=546  \\$aIn English
=650  04$aAustralian Aboriginal
=650  \4$aReligious beliefs
=650  \4$aCultural identity
=650  \4$aReptiles and amphibians
=650  \4$aDreams
=650  \4$aMyths and legends
=700  1\$aCatteau, Manuel$4pro
=700  1\$aGrémillon, Vincent$4drt
=700  1\$aWenger, Allan$4nrt
=773  0\$dParis, France : ZED, 1997
=856  40$uhttp://www.aspresolver.com/aspresolver.asp?ANTH;1871102$yAlexander Street Press Ethnographic Video Online
=859  \\$aORR$bAlexander Street Press
=883  0\$aLanguage codes assigned by Bayesian analysis of words present in record$d20201028$qUk$c0.9010
=985  \\$aUpgraded by BSS-generated file for WR2011-1472
=CAT  \\$aWR13_071$b00$c20130610$lBLL01$h1613
=CAT  \\$aBATCH$b00$c20130610$lBLL01$h1613
=CAT  \\$aWR16_088$c20160606$lBLL01$h1632
=CAT  \\$aW1610-0368$c20161006$lBLL01$h0938
=CAT  \\$aW1606-1753$c20171028$lBLL01$h1352
=CAT  \\$aW2011-1472$b00$c20201127$lBLL01$h1833
=FIN  \\$aY$d20130610
=LAS  \\$aW2011-1472$b00$c20201127$lBLL01$h1833

