=LDR  01514 gm a2200433uu 4500
=001  016428481
=003  Uk
=005  20201127183330.0
=008  100813s1997\\\\xx\|||\|||||||||||mleng\d
=FMT  \\$a  VM
=035  \\$aASP1871091/ant1
=245  00$aSea Legends: The Dinga-Dinga Season
=260  \\$aParis, France$bZED$c1997
=306  \\$a24 minutes
=490  0\$aEthnographic Video Online, Volume 1
=505  00$aIn English
=650  04$aAntankarana
=650  \4$aFood preservation
=650  \4$aCultural identity
=650  \4$aReligious beliefs
=650  \4$aReligious rites and ceremonies
=650  \4$aCommercial fishing
=650  \4$aMarine life
=700  1\$aCatteau, Manuel$4pro
=700  1\$aSégur, Benoît$4drt
=700  1\$aWenger, Allan$4nrt
=773  0\$dParis, France : ZED, 1997
=856  40$uhttp://www.aspresolver.com/aspresolver.asp?ANTH;1871091$yAlexander Street Press Ethnographic Video Online
=859  \\$aORR$bAlexander Street Press
=883  0\$aLanguage codes assigned by Bayesian analysis of words present in record$d20201028$qUk$c0.9010
=985  \\$aUpgraded by BSS-generated file for WR2011-1472
=CAT  \\$aWR13_071$b00$c20130610$lBLL01$h1613
=CAT  \\$aBATCH$b00$c20130610$lBLL01$h1613
=CAT  \\$aWR16_088$c20160606$lBLL01$h1632
=CAT  \\$aW1610-0368$c20161006$lBLL01$h0938
=CAT  \\$aW1606-1753$c20171028$lBLL01$h1352
=CAT  \\$aW2011-1472$b00$c20201127$lBLL01$h1833
=FIN  \\$aY$d20130610
=LAS  \\$aW2011-1472$b00$c20201127$lBLL01$h1833

