=LDR  01703 gm a2200457uu 4500
=001  016428488
=003  Uk
=005  20201127183330.0
=008  100813s9999\\\\xx\|||\|||||||||||mleng\d
=FMT  \\$a  VM
=035  \\$aASP1689489/ant1
=245  00$aSéance Reflections
=260  \\$aManchester, United Kingdom$bUniversity of Manchester
=306  \\$a43 minutes
=490  0\$aEthnographic Video Online, Volume 1
=505  00$aA couple from Gaborone, Botswana, Njebe and Martha, seek help from a healer in the village of Moremi.
=546  \\$aIn Tswana, English
=650  04$aBatswana
=650  \4$aChildlessness
=650  \4$aHealing
=650  \4$aSpiritual healing
=650  \4$aTraditional medicine
=700  1\$aWerbner, Richard$4aut
=700  1\$aWerbner, Richard$4drt
=700  0\$aMartha.$4oth
=700  1\$aNjebe$4oth
=700  1\$aWerbner, Richard$4nrt
=773  0\$dManchester, United Kingdom : University of Manchester
=856  40$uhttp://www.aspresolver.com/aspresolver.asp?ANTH;1689489$yAlexander Street Press Ethnographic Video Online
=859  \\$aORR$bAlexander Street Press
=883  0\$aLanguage codes assigned by Bayesian analysis of words present in record$d20201028$qUk$c0.9010
=985  \\$aUpgraded by BSS-generated file for WR2011-1472
=CAT  \\$aWR13_071$b00$c20130610$lBLL01$h1613
=CAT  \\$aBATCH$b00$c20130610$lBLL01$h1613
=CAT  \\$aWR16_088$c20160606$lBLL01$h1632
=CAT  \\$aBATCH-UPD$b00$c20160606$lBLL01$h1636
=CAT  \\$aW1610-0368$c20161006$lBLL01$h0938
=CAT  \\$aW1606-1753$c20171028$lBLL01$h1352
=CAT  \\$aW2011-1472$b00$c20201127$lBLL01$h1833
=FIN  \\$aY$d20130610
=LAS  \\$aW2011-1472$b00$c20201127$lBLL01$h1833

