=LDR  02166 gm a2200481uu 4500
=001  016428489
=003  Uk
=005  20201127183330.0
=008  100813s1982\\\\xx\|||\|||||||||||mleng\d
=FMT  \\$a  VM
=035  \\$aASP764402/ant1
=245  00$aA Search for Vanished People
=260  \\$aWatertown, MA$bDocumentary Educational Resources (DER)$c1982
=306  \\$a29 minutes
=490  0\$aEthnographic Video Online, Volume 1
=505  00$aPioneering archaeologist, Luther Cressman, pursued the evidence that describes the lifeways of the earliest people of the Northern Great Basin. Cressman explores the caves where he discovered basket fragments, sagebrush sandals and ancient weapons. Carbon dating verified that people had lived in the region during the last Ice Age, 13,000 years ago. This film shows Dr. Cressman's more than 40 years of research on western prehistory.
=546  \\$aIn English
=650  04$aAmerican Indian
=650  \4$aArchaeological artifacts
=650  \4$aScientific research
=650  \4$aAmerican Indians
=650  \4$aArchaeology
=650  \4$aAnthropology
=700  1\$aPatapoff, Elizabeth.$4pro
=700  1\$aPatapoff, Elizabeth.$4aut
=700  1\$aPatapoff, Elizabeth.$4drt
=700  1\$aAikens, Mel$4oth
=700  1\$aCressman, Luther$4oth
=700  1\$aWeinman, Richard.$4nrt
=773  0\$dWatertown, MA : Documentary Educational Resources (DER), 1982
=856  40$uhttp://www.aspresolver.com/aspresolver.asp?ANTH;764402$yAlexander Street Press Ethnographic Video Online
=859  \\$aORR$bAlexander Street Press
=883  0\$aLanguage codes assigned by Bayesian analysis of words present in record$d20201028$qUk$c0.9010
=985  \\$aUpgraded by BSS-generated file for WR2011-1472
=CAT  \\$aWR13_071$b00$c20130610$lBLL01$h1613
=CAT  \\$aBATCH$b00$c20130610$lBLL01$h1613
=CAT  \\$aWR16_088$c20160606$lBLL01$h1632
=CAT  \\$aBATCH-UPD$b00$c20160606$lBLL01$h1636
=CAT  \\$aW1610-0368$c20161006$lBLL01$h0938
=CAT  \\$aW1606-1753$c20171028$lBLL01$h1352
=CAT  \\$aW2011-1472$b00$c20201127$lBLL01$h1833
=FIN  \\$aY$d20130610
=LAS  \\$aW2011-1472$b00$c20201127$lBLL01$h1833

