=LDR  02194 gm a2200529uu 4500
=001  016428491
=003  Uk
=005  20201127183330.0
=008  100813s1995\\\\xx\|||\|||||||||||mleng\d
=FMT  \\$a  VM
=035  \\$aASP765212/ant1
=245  00$aSeed and Earth
=260  \\$aWatertown, MA$bDocumentary Educational Resources (DER)$c1995
=306  \\$a36 minutes
=490  0\$aEthnographic Video Online, Volume 1
=505  00$aMade by a team of distinguished filmmakers/anthropologists, Seed and Earth is a film about everyday life in rural West Bengal, India. It follows the daily schedule of the families of two brothers who live side by side and cooperate in many daily activities. We see how gender and age determine work, ritual and leisure activities.
=546  \\$aIn English, Subtitles in English
=650  04$aIndian
=650  \4$aKin relationships
=650  \4$aRural population
=650  \4$aDivision of labor
=650  \4$aGender
=650  \4$aAge identity
=650  \4$aDaily life
=700  1\$aFruzzetti, Lina.$4aut
=700  1\$aGuzzetti, Alfred$4aut
=700  1\$aJohnston, Ned.$4aut
=700  1\$aÖstör, Ákos.$4aut
=700  1\$aFruzzetti, Lina.$4drt
=700  1\$aGuzzetti, Alfred$4drt
=700  1\$aJohnston, Ned.$4drt
=700  1\$aÖstör, Ákos.$4drt
=773  0\$dWatertown, MA : Documentary Educational Resources (DER), 1995
=856  40$uhttp://www.aspresolver.com/aspresolver.asp?ANTH;765212$yAlexander Street Press Ethnographic Video Online
=859  \\$aORR$bAlexander Street Press
=883  0\$aLanguage codes assigned by Bayesian analysis of words present in record$d20201028$qUk$c0.9010
=985  \\$aUpgraded by BSS-generated file for WR2011-1472
=CAT  \\$aWR13_071$b00$c20130610$lBLL01$h1613
=CAT  \\$aBATCH$b00$c20130610$lBLL01$h1613
=CAT  \\$aBATCH-UPD$b00$c20150108$lBLL01$h0526
=CAT  \\$aWR16_088$c20160606$lBLL01$h1632
=CAT  \\$aBATCH-UPD$b00$c20160606$lBLL01$h1636
=CAT  \\$aW1610-0368$c20161006$lBLL01$h0938
=CAT  \\$aW1606-1753$c20171028$lBLL01$h1352
=CAT  \\$aW2011-1472$b00$c20201127$lBLL01$h1833
=FIN  \\$aY$d20130610
=LAS  \\$aW2011-1472$b00$c20201127$lBLL01$h1833

