=LDR  02236 gm a2200553uu 4500
=001  016428492
=003  Uk
=005  20201127183330.0
=008  100813s1999\\\\xx\|||\|||||||||||mleng\d
=FMT  \\$a  VM
=035  \\$aASP765214/ant1
=245  00$aSeeking the Spirit: Plains Indians in Russia
=260  \\$aWatertown, MA$bDocumentary Educational Resources (DER)$c1999
=306  \\$a30 minutes
=490  0\$aEthnographic Video Online, Volume 1
=505  00$aRecorded in 1995
=520  3\$aWhat qualities are necessary for a ritual to be ethnically "authentic"? Dr. Bea Medicine, a Native American anthropologist and her Lithuanian colleague, Dr. Liucija Baskauskas explore this issue as they visit a group of Russians who have met for their annual two week Pow Wow in an isolated wooded area outside of St. Petersburg.
=546  \\$aIn English
=650  04$aRussian
=650  04$aOjibwe
=650  04$aApache
=650  04$aBlackfoot
=650  04$aLakota
=650  04$aAmerican Indian
=650  \4$aSpirituality
=650  \4$aEthnosociology
=650  \4$aCultural assimilation
=650  \4$aCultural identity
=650  \4$aAmerican Indians
=700  1\$aMedicine, Beatrice.$4pro
=700  1\$aBaskauskas, Liucija$4aut
=700  1\$aMedicine, Beatrice.$4aut
=700  1\$aBaskauskas, Liucija$4drt
=700  1\$aMedicine, Beatrice.$4drt
=700  1\$aMedicine, Beatrice.$4oth
=773  0\$dWatertown, MA : Documentary Educational Resources (DER), 1999
=856  40$uhttp://www.aspresolver.com/aspresolver.asp?ANTH;765214$yAlexander Street Press Ethnographic Video Online
=859  \\$aORR$bAlexander Street Press
=883  0\$aLanguage codes assigned by Bayesian analysis of words present in record$d20201028$qUk$c0.9010
=985  \\$aUpgraded by BSS-generated file for WR2011-1472
=CAT  \\$aWR13_071$b00$c20130610$lBLL01$h1613
=CAT  \\$aBATCH$b00$c20130610$lBLL01$h1613
=CAT  \\$aWR16_088$c20160606$lBLL01$h1632
=CAT  \\$aBATCH-UPD$b00$c20160606$lBLL01$h1636
=CAT  \\$aW1610-0368$c20161006$lBLL01$h0938
=CAT  \\$aW1606-1753$c20171028$lBLL01$h1352
=CAT  \\$aW2011-1472$b00$c20201127$lBLL01$h1833
=FIN  \\$aY$d20130610
=LAS  \\$aW2011-1472$b00$c20201127$lBLL01$h1833

