=LDR  01792 gm a2200433uu 4500
=001  016428493
=003  Uk
=005  20201127183330.0
=008  100813s1999\\\\xx\|||\|||||||||||mleng\d
=FMT  \\$a  VM
=035  \\$aASP765216/ant1
=245  00$aSeguir Siendo
=260  \\$aWatertown, MA$bDocumentary Educational Resources (DER)$c1999
=306  \\$a28 minutes
=490  0\$aEthnographic Video Online, Volume 1
=505  00$aA portrait of the Mbyá-Guarani people living in Misiones, a subtropical province in Northeast Argentina. The people demonstrate everyday life existing on a geographical as well as a cultural border. The
=546  \\$aIn Spanish, Subtitles in English
=650  04$aMbya
=650  \4$aCultural assimilation
=650  \4$aCultural identity
=650  \4$aTribal and national groups
=650  \4$aCultural change and history
=700  1\$aZanotti, Ana$4aut
=700  1\$aZanotti, Ana$4drt
=700  1\$aRamos, Lorenzo.$4oth
=773  0\$dWatertown, MA : Documentary Educational Resources (DER), 1999
=856  40$uhttp://www.aspresolver.com/aspresolver.asp?ANTH;765216$yAlexander Street Press Ethnographic Video Online
=859  \\$aORR$bAlexander Street Press
=883  0\$aLanguage codes assigned by Bayesian analysis of words present in record$d20201028$qUk$c0.9010
=985  \\$aUpgraded by BSS-generated file for WR2011-1472
=CAT  \\$aWR13_071$b00$c20130610$lBLL01$h1613
=CAT  \\$aBATCH$b00$c20130610$lBLL01$h1613
=CAT  \\$aWR16_088$c20160606$lBLL01$h1632
=CAT  \\$aBATCH-UPD$b00$c20160606$lBLL01$h1636
=CAT  \\$aW1610-0368$c20161006$lBLL01$h0938
=CAT  \\$aW1606-1753$c20171028$lBLL01$h1352
=CAT  \\$aW2011-1472$b00$c20201127$lBLL01$h1833
=FIN  \\$aY$d20130610
=LAS  \\$aW2011-1472$b00$c20201127$lBLL01$h1833

