=LDR  02151 gm a2200493uu 4500
=001  016428494
=003  Uk
=005  20201127183330.0
=008  100813s1995\\\\xx\|||\|||||||||||mleng\d
=FMT  \\$a  VM
=035  \\$aASP765218/ant1
=245  00$aSemana Santa in Seville
=260  \\$aWatertown, MA$bDocumentary Educational Resources (DER)$c1995
=306  \\$a52 minutes
=490  0\$aEthnographic Video Online, Volume 1
=505  00$aSemana Santa in Seville documents the Spanish city's annual celebration of Holy Week - a tradition that dates back more than five centuries. Lifelike images of Christ and the Virgin, and scenes of the Passion, are carried in procession through the city, escorted by long files of hooded penitents. Throngs of onlookers from all over the world gather to view the spectacle.
=546  \\$aIn Spanish
=650  04$aSpanish
=650  \4$aArt
=650  \4$aCultural change and history
=650  \4$aReligious rites and ceremonies
=650  \4$aHoly week
=650  \4$aCatholicism
=700  1\$aFlannery, Mary,$d1956-
=700  1\$aFlannery, Mary,$d1956-$4drt
=700  1\$aMuller, Marcia.$4nrt
=700  1\$aSilva, Iván$4nrt
=773  0\$dWatertown, MA : Documentary Educational Resources (DER), 1995
=856  40$uhttp://www.aspresolver.com/aspresolver.asp?ANTH;765218$yAlexander Street Press Ethnographic Video Online
=859  \\$aORR$bAlexander Street Press
=883  0\$aLanguage codes assigned by Bayesian analysis of words present in record$d20201028$qUk$c0.9010
=985  \\$aUpgraded by BSS-generated file for WR2011-1472
=CAT  \\$aWR13_071$b00$c20130610$lBLL01$h1613
=CAT  \\$aBATCH$b00$c20130610$lBLL01$h1613
=CAT  \\$a8962$b40$c20140919$lBLL01$h0858
=CAT  \\$a8962$b40$c20140919$lBLL01$h0859
=CAT  \\$aWR16_088$c20160606$lBLL01$h1632
=CAT  \\$aBATCH-UPD$b00$c20160606$lBLL01$h1636
=CAT  \\$aW1610-0368$c20161006$lBLL01$h0938
=CAT  \\$aW1606-1753$c20171028$lBLL01$h1352
=CAT  \\$a7416$b40$c20200729$lBLL01$h1449
=CAT  \\$aW2011-1472$b00$c20201127$lBLL01$h1833
=FIN  \\$aY$d20130610
=LAS  \\$aW2011-1472$b00$c20201127$lBLL01$h1833

