=LDR  01841 gm a2200421uu 4500
=001  016428495
=003  Uk
=005  20201127183330.0
=008  100813s1994\\\\xx\|||\|||||||||||mleng\d
=FMT  \\$a  VM
=035  \\$aASP765220/ant1
=245  00$aSenhora Aparecida
=260  \\$aWatertown, MA$bDocumentary Educational Resources (DER)$c1994
=306  \\$a55 minutes
=490  0\$aEthnographic Video Online, Volume 1
=505  00$aIn the Portuguese village of Senhora Aparecida, an industrial area near Oporto, the annual festival that takes place every 15th of August is being prepared. The biers that reach fifteen meters high and which are carried by 70 men are being erected and decorated.
=546  \\$aIn Portuguese, Subtitles in English
=650  04$aPortuguese
=650  \4$aCultural change and history
=650  \4$aIn-group conflicts
=650  \4$aReligious rites and ceremonies
=650  \4$aCatholicism
=700  1\$aCosta, Catarina Alves.$4aut
=700  1\$aCosta, Catarina Alves.$4drt
=773  0\$dWatertown, MA : Documentary Educational Resources (DER), 1994
=856  40$uhttp://www.aspresolver.com/aspresolver.asp?ANTH;765220$yAlexander Street Press Ethnographic Video Online
=859  \\$aORR$bAlexander Street Press
=883  0\$aLanguage codes assigned by Bayesian analysis of words present in record$d20201028$qUk$c0.9010
=985  \\$aUpgraded by BSS-generated file for WR2011-1472
=CAT  \\$aWR13_071$b00$c20130610$lBLL01$h1613
=CAT  \\$aBATCH$b00$c20130610$lBLL01$h1613
=CAT  \\$aWR16_088$c20160606$lBLL01$h1632
=CAT  \\$aBATCH-UPD$b00$c20160606$lBLL01$h1636
=CAT  \\$aW1610-0368$c20161006$lBLL01$h0938
=CAT  \\$aW1606-1753$c20171028$lBLL01$h1352
=CAT  \\$aW2011-1472$b00$c20201127$lBLL01$h1833
=FIN  \\$aY$d20130610
=LAS  \\$aW2011-1472$b00$c20201127$lBLL01$h1833

