=LDR  02700 gm a2200445uu 4500
=001  016428496
=003  Uk
=005  20201127183330.0
=008  100813s2002\\\\xx\|||\|||||||||||mleng\d
=FMT  \\$a  VM
=035  \\$aASP1689392/ant1
=245  00$aSentinels of the Earth: Conversations with the Sierra Popoluca, Part Two
=260  \\$aNew York, NY$bFilmakers Library$c2002
=306  \\$a49 minutes
=490  0\$aEthnographic Video Online, Volume 1
=505  00$aThis is an innovative, intimate portrait of stalwart members of an indigenous people who inhabit Mexico's Sierra de Santa Marta and speak a derivative of ancient Olmec. For convenient classroom use, eight episodes, focussed on various aspects of their culture, have been divided into Parts I and II -- available separately.Part I begins with recollections of an outlawed carnival celebration intercut with old women performing "Dance of the Tiger" in honor of the corn god. Episode two: younger women collaborate, guided by Santana, in making a fuel-saving clay stove. Episode three moves to Apolinar's clinic for a group-cleansing, followed by his recital of a chant to restore a soul stolen by wily spirits called chanecos. In section four, Santana recounts her life-story.Part II begins with Don Tomas pouring libations to the rain god. Episode six finds us in a polygamous household. Episode seven dramatizes the popular story of Homshuk, the corn god, as Gabriel and his second wife labor in the fields. To conclude, the Arizmendi brothers revive ballads of the Sierra on homemade instruments.
=546  \\$aIn Spanish, Subtitles in English
=650  04$aMexican
=650  \4$aMusicians
=650  \4$aFarm work
=650  \4$aMyths and legends
=650  \4$aProperty loss
=650  \4$aCorn
=650  \4$aReligious rites and ceremonies
=700  1\$aGleason, Judith.$4pro
=700  1\$aGleason, Judith.$4drt
=773  0\$dNew York, NY : Filmakers Library, 2002
=856  40$uhttp://www.aspresolver.com/aspresolver.asp?ANTH;1689392$yAlexander Street Press Ethnographic Video Online
=859  \\$aORR$bAlexander Street Press
=883  0\$aLanguage codes assigned by Bayesian analysis of words present in record$d20201028$qUk$c0.9010
=985  \\$aUpgraded by BSS-generated file for WR2011-1472
=CAT  \\$aWR13_071$b00$c20130610$lBLL01$h1613
=CAT  \\$aBATCH$b00$c20130610$lBLL01$h1613
=CAT  \\$aWR16_088$c20160606$lBLL01$h1632
=CAT  \\$aBATCH-UPD$b00$c20160606$lBLL01$h1636
=CAT  \\$aW1610-0368$c20161006$lBLL01$h0938
=CAT  \\$aW1606-1753$c20171028$lBLL01$h1352
=CAT  \\$aW2011-1472$b00$c20201127$lBLL01$h1833
=FIN  \\$aY$d20130610
=LAS  \\$aW2011-1472$b00$c20201127$lBLL01$h1833

