=LDR  02006 gm a2200517uu 4500
=001  016428497
=003  Uk
=005  20201127183330.0
=008  100813s1985\\\\xx\|||\|||||||||||mleng\d
=FMT  \\$a  VM
=035  \\$aASP765222/ant1
=245  00$aSerpent Mother
=260  \\$aWatertown, MA$bDocumentary Educational Resources (DER)$c1985
=306  \\$a28 minutes
=490  0\$aEthnographic Video Online, Volume 1
=505  00$aSerpent Mother is about devotion to the Goddess of Snakes and the importance of divine female power in West Bengal Indian life. The film's focus is the Jhapan Festival, the great celebration of snakes.
=546  \\$aIn English
=650  04$aIndian
=650  \4$aCultural identity
=650  \4$aReligion
=650  \4$aMyths and legends
=650  \4$aWomen
=650  \4$aReligious rites and ceremonies
=650  \4$aHinduism
=700  1\$aGardner, Robert.$4pro
=700  1\$aÖstör, Ákos.$4pro
=700  1\$aMoore, Allen,$d1952-
=700  1\$aÖstör, Ákos.$4aut
=700  1\$aMoore, Allen.$4drt
=700  1\$aÖstör, Ákos.$4drt
=700  1\$aMoore, Allen.$4oth
=773  0\$dWatertown, MA : Documentary Educational Resources (DER), 1985
=856  40$uhttp://www.aspresolver.com/aspresolver.asp?ANTH;765222$yAlexander Street Press Ethnographic Video Online
=859  \\$aORR$bAlexander Street Press
=883  0\$aLanguage codes assigned by Bayesian analysis of words present in record$d20201028$qUk$c0.9010
=985  \\$aUpgraded by BSS-generated file for WR2011-1472
=CAT  \\$aWR13_071$b00$c20130610$lBLL01$h1613
=CAT  \\$aBATCH$b00$c20130610$lBLL01$h1613
=CAT  \\$aBATCH-UPD$b00$c20160226$lBLL01$h2047
=CAT  \\$a8962$b40$c20160302$lBLL01$h0917
=CAT  \\$aWR16_088$c20160606$lBLL01$h1632
=CAT  \\$aW1610-0368$c20161006$lBLL01$h0938
=CAT  \\$aW1606-1753$c20171028$lBLL01$h1352
=CAT  \\$aW2011-1472$b00$c20201127$lBLL01$h1833
=FIN  \\$aY$d20130610
=LAS  \\$aW2011-1472$b00$c20201127$lBLL01$h1833

