=LDR  01934 gm a2200481uu 4500
=001  016428499
=003  Uk
=005  20201127183330.0
=008  100813s1984\\\\xx\|||\|||||||||||mleng\d
=FMT  \\$a  VM
=035  \\$aASP765224/ant1
=245  00$aSeven Young Gods of Fortune: Fertility Rite of Dosojin
=260  \\$aWatertown, MA$bDocumentary Educational Resources (DER)$c1984
=306  \\$a68 minutes
=490  0\$aEthnographic Video Online, Volume 1
=505  00$aRecorded in 1981
=520  3\$aIn Shimofukuzawa, Japan, the local men's youth association organizes the annual Dosojin deity festival. The festivities are characterized by paper decorations and pantomime, with sexualized symbols promoting marriage and fertility.
=546  \\$aIn English
=650  04$aJapanese
=650  \4$aBlessings
=650  \4$aMarriage
=650  \4$aFertility
=650  \4$aRural population
=650  \4$aBuddhism
=650  \4$aReligious festivals
=650  \4$aCommunities
=650  \4$aCultural change and history
=700  1\$aŌmori, Yasuhiro.$4aut
=700  1\$aŌmori, Yasuhiro.$4drt
=773  0\$dWatertown, MA : Documentary Educational Resources (DER), 1984
=856  40$uhttp://www.aspresolver.com/aspresolver.asp?ANTH;765224$yAlexander Street Press Ethnographic Video Online
=859  \\$aORR$bAlexander Street Press
=883  0\$aLanguage codes assigned by Bayesian analysis of words present in record$d20201028$qUk$c0.9010
=985  \\$aUpgraded by BSS-generated file for WR2011-1472
=CAT  \\$aWR13_071$b00$c20130610$lBLL01$h1613
=CAT  \\$aBATCH$b00$c20130610$lBLL01$h1613
=CAT  \\$aBATCH-UPD$b00$c20130610$lBLL01$h1620
=CAT  \\$aWR16_088$c20160606$lBLL01$h1632
=CAT  \\$aW1610-0368$c20161006$lBLL01$h0938
=CAT  \\$aW1606-1753$c20171028$lBLL01$h1352
=CAT  \\$aW2011-1472$b00$c20201127$lBLL01$h1833
=FIN  \\$aY$d20130610
=LAS  \\$aW2011-1472$b00$c20201127$lBLL01$h1833

