=LDR  01880 gm a2200505uu 4500
=001  016428500
=003  Uk
=005  20201127183330.0
=008  100813s2006\\\\xx\|||\|||||||||||mleng\d
=FMT  \\$a  VM
=035  \\$aASP1647063/ant1
=245  00$aShade Seekers & the Mixer
=260  \\$aManchester, England$bInternational Centre for Contemporary Cultural Research$c2006
=306  \\$a59 minutes
=490  0\$aEthnographic Video Online, Volume 1
=505  00$aIn English
=650  04$aBatswana
=650  \4$aSpiritual healing
=650  \4$aBehavior
=650  \4$aReligious rites and ceremonies
=650  \4$aReligious beliefs
=650  \4$aCultural identity
=650  \4$aTribal and national groups
=650  \4$aAlternative medicine
=650  \4$aFaith healing
=700  1\$aWerbner, Richard$4pro
=700  1\$aWerbner, Richard$4aut
=700  1\$aWerbner, Richard$4drt
=700  1\$aGabanakgosi, Njebe Molefe.$4oth
=700  1\$aKesupetswe, Rantii Morebodi$4oth
=700  1\$aWerbner, Richard$4nrt
=773  0\$dManchester, England : International Centre for Contemporary Cultural Research, 2006
=856  40$uhttp://www.aspresolver.com/aspresolver.asp?ANTH;1647063$yAlexander Street Press Ethnographic Video Online
=859  \\$aORR$bAlexander Street Press
=883  0\$aLanguage codes assigned by Bayesian analysis of words present in record$d20201028$qUk$c0.9010
=985  \\$aUpgraded by BSS-generated file for WR2011-1472
=CAT  \\$aWR13_071$b00$c20130610$lBLL01$h1613
=CAT  \\$aBATCH$b00$c20130610$lBLL01$h1613
=CAT  \\$aWR16_088$c20160606$lBLL01$h1632
=CAT  \\$aBATCH-UPD$b00$c20160606$lBLL01$h1636
=CAT  \\$aW1610-0368$c20161006$lBLL01$h0938
=CAT  \\$aW1606-1753$c20171028$lBLL01$h1352
=CAT  \\$aW2011-1472$b00$c20201127$lBLL01$h1833
=FIN  \\$aY$d20130610
=LAS  \\$aW2011-1472$b00$c20201127$lBLL01$h1833

