=LDR  02765 gm a2200457uu 4500
=001  016428501
=003  Uk
=005  20201127183330.0
=008  100813s9999\\\\xx\|||\|||||||||||mleng\d
=FMT  \\$a  VM
=035  \\$aASP1689397/ant1
=245  00$aShahira: Nomads of the Sahara
=260  \\$aNew York, NY$bFilmakers Library
=306  \\$a51 minutes
=490  0\$aEthnographic Video Online, Volume 1
=505  00$aThis is an inspirational documentary about a young Muslim woman, trained as an anthropologist, who suffered hardship and professional censure to save a desert tribe from becoming extinct in the harsh Sahara. The Bishari tribe had lived in the Sahara for 5,00 years, but were unknown to Egyptian authorities.The Bishari were living in a time warp, their warriors believing they were still the guardians of the ancient Roman gold mines. When the Aswan Dam was constructed, the Bishari's grazing ground became submerged. Anthropologist Shahira Fawzy discovered them by chance, suffering from illness and malnutrition.Going against the wishes of her traditional family, Shahira went to live among the Bishari. She studied their customs, fought the government bureaucracy on their behalf, and helped them develop skills such as irrigation, well digging and gardening. Her aim was to ensure that the tribe would maintain its unique culture while surviving in the modern world.Here is a documentary so exotic and fascinating that it has the aura of fiction. It will be memorable viewing in Anthropology, African Studies and Women's Studies programs.
=546  \\$aIn English
=650  04$aBishari
=650  \4$aCultural adaptation
=650  \4$aField work for anthropology
=700  1\$aReid, William.$4pro
=700  1\$aSaywell, Shelley.$4pro
=700  1\$aSaywell, Shelley.$4aut
=700  1\$aSaywell, Shelley.$4drt
=700  1\$aFawzy, Shahira.$4oth
=700  1\$aBudd, Barbara$4nrt
=773  0\$dNew York, NY : Filmakers Library
=856  40$uhttp://www.aspresolver.com/aspresolver.asp?ANTH;1689397$yAlexander Street Press Ethnographic Video Online
=859  \\$aORR$bAlexander Street Press
=883  0\$aLanguage codes assigned by Bayesian analysis of words present in record$d20201028$qUk$c0.9010
=985  \\$aUpgraded by BSS-generated file for WR2011-1472
=CAT  \\$aWR13_071$b00$c20130610$lBLL01$h1613
=CAT  \\$aBATCH$b00$c20130610$lBLL01$h1613
=CAT  \\$aWR16_088$c20160606$lBLL01$h1632
=CAT  \\$aBATCH-UPD$b00$c20160606$lBLL01$h1636
=CAT  \\$aW1610-0368$c20161006$lBLL01$h0938
=CAT  \\$aW1606-1753$c20171028$lBLL01$h1352
=CAT  \\$aBATCH-UPD$b00$c20200901$lBLL01$h2335
=CAT  \\$aW2011-1472$b00$c20201127$lBLL01$h1833
=FIN  \\$aY$d20130610
=LAS  \\$aW2011-1472$b00$c20201127$lBLL01$h1833

