=LDR  01806 gm a2200433uu 4500
=001  016428502
=003  Uk
=005  20201127183330.0
=008  100813s2000\\\\xx\|||\|||||||||||mleng\d
=FMT  \\$a  VM
=035  \\$aASP765226/ant1
=245  00$aShake Your Brains
=260  \\$aWatertown, MA$bDocumentary Educational Resources (DER)$c2000
=306  \\$a51 minutes
=490  0\$aEthnographic Video Online, Volume 1
=505  00$aA film about alcohol abuse in the Kunene North Region of Namibia. It was made to alert the youth of the detrimental effects of alcohol abuse. The film provides and overview of alcohol abuse amongst the Ovahimba and Ovadhimba communities of Kaokoland.
=546  \\$aIn English, Subtitles in English
=650  04$aNamibian
=650  04$aHimba (Ovaherero, Ovahimba)
=650  \4$aHealth
=650  \4$aAlcohol
=650  \4$aVenereal diseases
=650  \4$aAlcoholism
=700  1\$aSherman, Rina.$4aut
=700  1\$aSherman, Rina.$4drt
=773  0\$dWatertown, MA : Documentary Educational Resources (DER), 2000
=856  40$uhttp://www.aspresolver.com/aspresolver.asp?ANTH;765226$yAlexander Street Press Ethnographic Video Online
=859  \\$aORR$bAlexander Street Press
=883  0\$aLanguage codes assigned by Bayesian analysis of words present in record$d20201028$qUk$c0.9010
=985  \\$aUpgraded by BSS-generated file for WR2011-1472
=CAT  \\$aWR13_071$b00$c20130610$lBLL01$h1613
=CAT  \\$aBATCH$b00$c20130610$lBLL01$h1613
=CAT  \\$aWR16_088$c20160606$lBLL01$h1632
=CAT  \\$aBATCH-UPD$b00$c20160606$lBLL01$h1636
=CAT  \\$aW1610-0368$c20161006$lBLL01$h0938
=CAT  \\$aW1606-1753$c20171028$lBLL01$h1352
=CAT  \\$aW2011-1472$b00$c20201127$lBLL01$h1833
=FIN  \\$aY$d20130610
=LAS  \\$aW2011-1472$b00$c20201127$lBLL01$h1833

