=LDR  01794 gm a2200433uu 4500
=001  016428503
=003  Uk
=005  20201127183330.0
=008  100813s2006\\\\xx\|||\|||||||||||mlguj\d
=FMT  \\$a  VM
=035  \\$aASP765228/ant1
=041  \\$aguj$aeng
=245  00$aShaktiMa No Veh
=260  \\$aWatertown, MA$bDocumentary Educational Resources (DER)$c2006
=306  \\$a60 minutes
=490  0\$aEthnographic Video Online, Volume 1
=505  00$aRecorded in 2004
=520  3\$aThe Goddess Shaktima is the most popular goddess in the region of Saurashtra known as Jhalavad. This documentary presents the story of Shaktima as performed by the tradictional muslim Bhavai troupe led by Amrit Kalu Rudatala of Kankavati village.
=546  \\$aIn Gujarati, Subtitles in English
=650  04$aIndian
=650  \4$aPlays
=650  \4$aHinduism
=650  \4$aMyths and legends
=700  1\$aJhala, Jayasinhji.$4aut
=700  1\$aJhala, Jayasinhji.$4drt
=773  0\$dWatertown, MA : Documentary Educational Resources (DER), 2006
=856  40$uhttp://www.aspresolver.com/aspresolver.asp?ANTH;765228$yAlexander Street Press Ethnographic Video Online
=859  \\$aORR$bAlexander Street Press
=883  0\$aLanguage codes assigned by Bayesian analysis of words present in record$d20201028$qUk$c0.9010
=985  \\$aUpgraded by BSS-generated file for WR2011-1472
=CAT  \\$aWR13_071$b00$c20130610$lBLL01$h1613
=CAT  \\$aBATCH$b00$c20130610$lBLL01$h1613
=CAT  \\$aWR16_088$c20160606$lBLL01$h1632
=CAT  \\$aBATCH-UPD$b00$c20160606$lBLL01$h1636
=CAT  \\$aW1610-0368$c20161006$lBLL01$h0938
=CAT  \\$aW1606-1753$c20171028$lBLL01$h1352
=CAT  \\$aW2011-1472$b00$c20201127$lBLL01$h1833
=FIN  \\$aY$d20130610
=LAS  \\$aW2011-1472$b00$c20201127$lBLL01$h1833

