=LDR  01905 gm a2200457uu 4500
=001  016428505
=003  Uk
=005  20201127183330.0
=008  100813s1992\\\\xx\|||\|||||||||||mleng\d
=FMT  \\$a  VM
=035  \\$aASP764404/ant1
=245  00$aA Shamanic Medium of Tsugaru
=260  \\$aWatertown, MA$bDocumentary Educational Resources (DER)$c1992
=306  \\$a93 minutes
=490  0\$aEthnographic Video Online, Volume 1
=505  00$aMs. Taki Kudo says she has been able to connect with deities since she was six or seven years old. Even in modern Japan, mediums like Ms. Kudo are in demand, providing such traditional services as expelling a curse and invoking spirits for health and long life.
=546  \\$aIn Japanese, Subtitles in English
=650  04$aJapanese
=650  \4$aDeities
=650  \4$aAfterlife
=650  \4$aReligious rites and ceremonies
=650  \4$aReligion
=650  \4$aShamanism
=700  1\$aŌmori, Yasuhiro.$4aut
=700  1\$aŌmori, Yasuhiro.$4drt
=700  1\$aKudo, Taki$4oth
=700  1\$aŌmori, Yasuhiro.$4oth
=773  0\$dWatertown, MA : Documentary Educational Resources (DER), 1992
=856  40$uhttp://www.aspresolver.com/aspresolver.asp?ANTH;764404$yAlexander Street Press Ethnographic Video Online
=859  \\$aORR$bAlexander Street Press
=883  0\$aLanguage codes assigned by Bayesian analysis of words present in record$d20201028$qUk$c0.9010
=985  \\$aUpgraded by BSS-generated file for WR2011-1472
=CAT  \\$aWR13_071$b00$c20130610$lBLL01$h1613
=CAT  \\$aBATCH$b00$c20130610$lBLL01$h1613
=CAT  \\$aBATCH-UPD$b00$c20130610$lBLL01$h1620
=CAT  \\$aWR16_088$c20160606$lBLL01$h1632
=CAT  \\$aW1610-0368$c20161006$lBLL01$h0938
=CAT  \\$aW1606-1753$c20171028$lBLL01$h1352
=CAT  \\$aW2011-1472$b00$c20201127$lBLL01$h1833
=FIN  \\$aY$d20130610
=LAS  \\$aW2011-1472$b00$c20201127$lBLL01$h1833

