=LDR  02075 gm a2200469uu 4500
=001  016428506
=003  Uk
=005  20201127183330.0
=008  100813s1988\\\\xx\|||\|||||||||||mleng\d
=FMT  \\$a  VM
=035  \\$aASP765230/ant1
=245  00$aSharing a New Song: An Experiment in Citizen Diplomacy
=260  \\$aWatertown, MA$bDocumentary Educational Resources (DER)$c1988
=306  \\$a55 minutes
=490  0\$aEthnographic Video Online, Volume 1
=505  00$aSharing a New Song brings together, albeit in a small way, the people of the two legendary world superpowers, the United States of America and the former Soviet Union. During the Cold War, the conflict extended beyond political concerns and manifested itself most noticeably in the alarmingly negative opinions that citizens of the two countries held about each other.
=546  \\$aIn Russian, English, Subtitles in English, Russian
=650  04$aRussian
=650  04$aAmerican
=650  \4$aPolitics
=650  \4$aMusic
=650  \4$aDiplomacy
=650  \4$aIntercultural communication
=650  \4$aStereotypes
=700  1\$aSchmidt, Chris.$4pro
=700  1\$aSchmidt, Chris.$4aut
=700  1\$aSchmidt, Chris.$4drt
=700  1\$aUstinov, Andreĭ.$4drt
=773  0\$dWatertown, MA : Documentary Educational Resources (DER), 1988
=856  40$uhttp://www.aspresolver.com/aspresolver.asp?ANTH;765230$yAlexander Street Press Ethnographic Video Online
=859  \\$aORR$bAlexander Street Press
=883  0\$aLanguage codes assigned by Bayesian analysis of words present in record$d20201028$qUk$c0.9010
=985  \\$aUpgraded by BSS-generated file for WR2011-1472
=CAT  \\$aWR13_071$b00$c20130610$lBLL01$h1613
=CAT  \\$aBATCH$b00$c20130610$lBLL01$h1613
=CAT  \\$aWR16_088$c20160606$lBLL01$h1632
=CAT  \\$aBATCH-UPD$b00$c20160606$lBLL01$h1636
=CAT  \\$aW1610-0368$c20161006$lBLL01$h0938
=CAT  \\$aW1606-1753$c20171028$lBLL01$h1352
=CAT  \\$aW2011-1472$b00$c20201127$lBLL01$h1833
=FIN  \\$aY$d20130610
=LAS  \\$aW2011-1472$b00$c20201127$lBLL01$h1833

