=LDR  01759 gm a2200409uu 4500
=001  016428507
=003  Uk
=005  20201127183330.0
=008  100813s2008\\\\xx\|||\|||||||||||mleng\d
=FMT  \\$a  VM
=035  \\$aASP765232/ant1
=245  00$aSharing Paradise
=260  \\$aWatertown, MA$bDocumentary Educational Resources (DER)$c2008
=306  \\$a59 minutes
=490  0\$aEthnographic Video Online, Volume 1
=505  00$aAbove the water, the Indonesian island of Balobaloang looks like an ideal tropical paradise, with blue skies, coconut trees, and crystal water. Under the water, however, "fish bombing" with dynamite and cyanide is destroying the coral reef, threatening the marine habitat and the livelihoods of the island's inhabitants.
=546  \\$aIn English
=650  04$aIndonesian
=650  \4$aEnvironment
=650  \4$aFish
=650  \4$aOceans
=650  \4$aCommercial fishing
=700  1\$aHapsari, Amelia$4aut
=700  1\$aHapsari, Amelia$4drt
=773  0\$dWatertown, MA : Documentary Educational Resources (DER), 2008
=856  40$uhttp://www.aspresolver.com/aspresolver.asp?ANTH;765232$yAlexander Street Press Ethnographic Video Online
=859  \\$aORR$bAlexander Street Press
=883  0\$aLanguage codes assigned by Bayesian analysis of words present in record$d20201028$qUk$c0.9010
=985  \\$aUpgraded by BSS-generated file for WR2011-1472
=CAT  \\$aWR13_071$b00$c20130610$lBLL01$h1613
=CAT  \\$aBATCH$b00$c20130610$lBLL01$h1613
=CAT  \\$aWR16_088$c20160606$lBLL01$h1632
=CAT  \\$aW1610-0368$c20161006$lBLL01$h0938
=CAT  \\$aW1606-1753$c20171028$lBLL01$h1352
=CAT  \\$aW2011-1472$b00$c20201127$lBLL01$h1833
=FIN  \\$aY$d20130610
=LAS  \\$aW2011-1472$b00$c20201127$lBLL01$h1833

