=LDR  01988 gm a2200529uu 4500
=001  016428513
=003  Uk
=005  20201127183330.0
=008  100813s2004\\\\xx\|||\|||||||||||mleng\d
=FMT  \\$a  VM
=035  \\$aASP765238/ant1
=245  00$aSheep Eaters - Shelters and Petroglyphs
=260  \\$aWatertown, MA$bDocumentary Educational Resources (DER)$c2004
=306  \\$a30 minutes
=490  0\$aEthnographic Video Online, Volume 1
=505  00$aThe Sheep Eaters relied heavily on the plants they could gather for medicinal and edible uses, often cooking food in a unique soapstone vessel.
=546  \\$aIn English
=650  04$aShoshone
=650  \4$aPictographics
=650  \4$aTools
=650  \4$aCaves
=650  \4$aArchaeological artifacts
=650  \4$aDwellings
=650  \4$aCultural identity
=650  \4$aTribal and national groups
=700  1\$aWestphalen, Gary J.$4pro
=700  1\$aWortman, Gary$4pro
=700  1\$aWortman, Gary$4aut
=700  1\$aWortman, Gary$4drt
=700  1\$aAdams, Richard.$4oth
=700  1\$aFrison, George$4oth
=700  1\$aLoendorf, Larry$4oth
=700  1\$aMionczynski, John$4oth
=773  0\$dWatertown, MA : Documentary Educational Resources (DER), 2004
=856  40$uhttp://www.aspresolver.com/aspresolver.asp?ANTH;765238$yAlexander Street Press Ethnographic Video Online
=859  \\$aORR$bAlexander Street Press
=883  0\$aLanguage codes assigned by Bayesian analysis of words present in record$d20201028$qUk$c0.9010
=985  \\$aUpgraded by BSS-generated file for WR2011-1472
=CAT  \\$aWR13_071$b00$c20130610$lBLL01$h1613
=CAT  \\$aBATCH$b00$c20130610$lBLL01$h1613
=CAT  \\$aWR16_088$c20160606$lBLL01$h1632
=CAT  \\$aBATCH-UPD$b00$c20160606$lBLL01$h1636
=CAT  \\$aW1610-0368$c20161006$lBLL01$h0938
=CAT  \\$aW1606-1753$c20171028$lBLL01$h1352
=CAT  \\$aW2011-1472$b00$c20201127$lBLL01$h1833
=FIN  \\$aY$d20130610
=LAS  \\$aW2011-1472$b00$c20201127$lBLL01$h1833

