=LDR  01770 gm a2200433uu 4500
=001  016428515
=003  Uk
=005  20201127183331.0
=008  100813s1987\\\\xx\|||\|||||||||||mleng\d
=FMT  \\$a  VM
=035  \\$aASP765448/ant1
=245  00$aThe Shepherd's Family
=260  \\$aWatertown, MA$bDocumentary Educational Resources (DER)$c1987
=306  \\$a22 minutes
=490  0\$aEthnographic Video Online, Volume 1
=505  00$aThe film portrays a shepherd's family that has remained tied to its traditional occupation and to its semi-feudal role in rural society. The children help by guarding the flock and in earning additional wages by gathering snails, picking cotton, and hoei.
=546  \\$aIn English, Spanish
=650  04$aSpanish
=650  \4$aEducation
=650  \4$aFamily
=650  \4$aHerders
=650  \4$aRural population
=700  1\$aMintz, Jerome$4aut
=700  1\$aMintz, Jerome$4drt
=700  1\$aMintz, Betty$4nrt
=700  1\$aSvigals, Edwin$4nrt
=773  0\$dWatertown, MA : Documentary Educational Resources (DER), 1987
=856  40$uhttp://www.aspresolver.com/aspresolver.asp?ANTH;765448$yAlexander Street Press Ethnographic Video Online
=859  \\$aORR$bAlexander Street Press
=883  0\$aLanguage codes assigned by Bayesian analysis of words present in record$d20201028$qUk$c0.9010
=985  \\$aUpgraded by BSS-generated file for WR2011-1472
=CAT  \\$aWR13_071$b00$c20130610$lBLL01$h1613
=CAT  \\$aBATCH$b00$c20130610$lBLL01$h1613
=CAT  \\$aWR16_088$c20160606$lBLL01$h1632
=CAT  \\$aW1610-0368$c20161006$lBLL01$h0938
=CAT  \\$aW1606-1753$c20171028$lBLL01$h1352
=CAT  \\$aW2011-1472$b00$c20201127$lBLL01$h1833
=FIN  \\$aY$d20130610
=LAS  \\$aW2011-1472$b00$c20201127$lBLL01$h1833

