=LDR  01982 gm a2200469uu 4500
=001  016428516
=003  Uk
=005  20201127183331.0
=008  100813s2011\\\\xx\|||\|||||||||||mleng\d
=FMT  \\$a  VM
=035  \\$aASP1870891/ant1
=245  00$aShipibo: The Movie of Our Memories
=260  \\$aChicago, IL$bThe Field Museum$c2011
=306  \\$a97 minutes
=490  0\$aEthnographic Video Online, Volume 1
=505  00$aIn this MacArthur-supported film by the Field Museum, "Shipibo...the Movie of our Memories," the native communities of the Shipibo in southern Peru discuss anthropologist Harry Tschopik Jr.'s 1953 film on the Shipibo people, Men of the Montaña; their own identity; the changes in their culture; and the future for their children.
=546  \\$aIn English, Subtitles in English
=600  14$aTschopik, Harry
=650  04$aShipibo
=650  \4$aFestivals
=650  \4$aCultural change and history
=650  \4$aCultural identity
=650  \4$aFilms
=700  1\$aFeldman, Nancy G.$4pro
=700  1\$aWall, Alaka$4pro
=700  1\$aFeldman, Nancy G.$4drt
=700  1\$aOdland, J. Claire.$4drt
=700  1\$aNewton-John, Olivia.$4nrt
=773  0\$dChicago, IL : The Field Museum, 2011
=856  40$uhttp://www.aspresolver.com/aspresolver.asp?ANTH;1870891$yAlexander Street Press Ethnographic Video Online
=859  \\$aORR$bAlexander Street Press
=883  0\$aLanguage codes assigned by Bayesian analysis of words present in record$d20201028$qUk$c0.9010
=985  \\$aUpgraded by BSS-generated file for WR2011-1472
=CAT  \\$aWR13_071$b00$c20130610$lBLL01$h1613
=CAT  \\$aBATCH$b00$c20130610$lBLL01$h1613
=CAT  \\$aWR16_088$c20160606$lBLL01$h1632
=CAT  \\$aBATCH-UPD$b00$c20160606$lBLL01$h1636
=CAT  \\$aW1610-0368$c20161006$lBLL01$h0938
=CAT  \\$aW1606-1753$c20171028$lBLL01$h1352
=CAT  \\$aW2011-1472$b00$c20201127$lBLL01$h1833
=FIN  \\$aY$d20130610
=LAS  \\$aW2011-1472$b00$c20201127$lBLL01$h1833

