=LDR  01787 gm a2200433uu 4500
=001  016428517
=003  Uk
=005  20201127183331.0
=008  100813s1978\\\\xx\|||\|||||||||||mleng\d
=FMT  \\$a  VM
=035  \\$aASP765450/ant1
=245  00$aThe Shoemaker
=260  \\$aWatertown, MA$bDocumentary Educational Resources (DER)$c1978
=306  \\$a34 minutes
=490  0\$aEthnographic Video Online, Volume 1
=505  00$aDeeply attached to his network of family and friends, the shoemaker has always assumed that he would spend his last years in his native village. When his children leave to work in a tourist town, the shoemaker follows and struggles to adapt to the isolation.
=546  \\$aIn English
=650  04$aSpanish
=650  \4$aCultural assimilation
=650  \4$aSearching for job
=650  \4$aHousehold moves
=650  \4$aFamily
=700  1\$aMintz, Jerome$4aut
=700  1\$aMintz, Jerome$4drt
=700  0\$aJuan.$4oth
=773  0\$dWatertown, MA : Documentary Educational Resources (DER), 1978
=856  40$uhttp://www.aspresolver.com/aspresolver.asp?ANTH;765450$yAlexander Street Press Ethnographic Video Online
=859  \\$aORR$bAlexander Street Press
=883  0\$aLanguage codes assigned by Bayesian analysis of words present in record$d20201028$qUk$c0.9010
=985  \\$aUpgraded by BSS-generated file for WR2011-1472
=CAT  \\$aWR13_071$b00$c20130610$lBLL01$h1613
=CAT  \\$aBATCH$b00$c20130610$lBLL01$h1613
=CAT  \\$aBATCH-UPD$b00$c20130610$lBLL01$h1622
=CAT  \\$aWR16_088$c20160606$lBLL01$h1632
=CAT  \\$aW1610-0368$c20161006$lBLL01$h0938
=CAT  \\$aW1606-1753$c20171028$lBLL01$h1352
=CAT  \\$aW2011-1472$b00$c20201127$lBLL01$h1833
=FIN  \\$aY$d20130610
=LAS  \\$aW2011-1472$b00$c20201127$lBLL01$h1833

