=LDR  02758 gm a2200469uu 4500
=001  016428518
=003  Uk
=005  20201127183331.0
=008  100813s2005\\\\xx\|||\|||||||||||mleng\d
=FMT  \\$a  VM
=035  \\$aASP1779509/ant1
=245  00$aSiaka: An African Musician
=260  \\$aWatertown, MA$bDocumentary Educational Resources (DER)$c2005
=306  \\$a101 minutes
=490  0\$aEthnographic Video Online, Volume 1
=505  00$aSiaka Diabaté is a musician at Bouaké, the second largest town in the Côte d'Ivoire. Through his mother's family he is Senufo, but through his father's ancestry he considers himself a Mande griot. He is a multi-talented professional musician, and for the local festivals plays five instruments: the Senufo and Maninka balafons, the kora harp, the dundun drum and the electric guitar. This film shows Siaka playing in the group led by Soungalo Coulibaly before his death in 2004, including the use of jembe drums, which we also see being made.Using long continuous shots that give priority to the music and to what Siaka and Soungalo have to say, this documentary introduces the audience to a fascinating world of urban music that incorporates traditional songs and dances by griots. Shot on site a few weeks before rising of civil war, during various festivities, this film presents a living portrait of this lovable and highly skilled musician working in a traditional environment, adding another dimension to the pleasure of seeing and hearing him during his international tours.
=546  \\$aIn French, English, Subtitles in English
=650  04$aSenufo
=650  04$aMandingo
=650  \4$aTribal and national groups
=650  \4$aMusic
=650  \4$aSocial dances
=650  \4$aCultural identity
=650  \4$aMusical instruments
=650  \4$aMusicians
=700  1\$aZemp, Hugo.$4aut
=700  1\$aZemp, Hugo.$4drt
=700  1\$aDiabaté, Siaka.$4oth
=773  0\$dWatertown, MA : Documentary Educational Resources (DER), 2005
=856  40$uhttp://www.aspresolver.com/aspresolver.asp?ANTH;1779509$yAlexander Street Press Ethnographic Video Online
=859  \\$aORR$bAlexander Street Press
=883  0\$aLanguage codes assigned by Bayesian analysis of words present in record$d20201028$qUk$c0.9010
=985  \\$aUpgraded by BSS-generated file for WR2011-1472
=CAT  \\$aWR13_071$b00$c20130610$lBLL01$h1613
=CAT  \\$aBATCH$b00$c20130610$lBLL01$h1613
=CAT  \\$aBATCH-UPD$b00$c20151008$lBLL01$h2029
=CAT  \\$aWR16_088$c20160606$lBLL01$h1632
=CAT  \\$aW1610-0368$c20161006$lBLL01$h0938
=CAT  \\$aW1606-1753$c20171028$lBLL01$h1352
=CAT  \\$aW2011-1472$b00$c20201127$lBLL01$h1833
=FIN  \\$aY$d20130610
=LAS  \\$aW2011-1472$b00$c20201127$lBLL01$h1833

