=LDR  02926 gm a2200493uu 4500
=001  016428519
=003  Uk
=005  20201127183331.0
=008  100813s9999\\\\xx\|||\|||||||||||mleng\d
=FMT  \\$a  VM
=035  \\$aASP1689399/ant1
=245  00$aSiberian Dream
=260  \\$aNew York, NY$bFilmakers Library
=306  \\$a32 minutes
=490  0\$aEthnographic Video Online, Volume 1
=505  00$aOriginally from a small village in the Buryat region of Siberia, Irina Pantaeva emigrated to the U.S. in the 1980's. Every summer, Irina, a world-famous model, and her son travel back to help her troubled family, trapped in the new free market society struggling with alcoholism, lawlessness and despair. Through interviews with academics, local shamans, monks, musicians, and farmers, Siberian Dream shows the effects of perestroika and glasnost on this Buryat community.The Buryats are trying to develop an open society while struggling to revive their culture. Irina and her family embody these efforts. Buryat-Mongols -- including the Pantaeva family -- practice Buddhism and Shamanism simultaneously. Irina celebrates her endangered Buryat-Mongol culture, teaching her son the importance of honoring their ancestors.Dr. David Foglesong, Professor of Russian History at Rutgers, illuminates the effects of Russification and the events and personalities driving glasnost and perestroika. Dr. Robert Thurman, Professor of Religion at Columbia University and President of Tibet House, New York, discusses Tibetan Buddhism and history as it affected the Mongolian tribes to which the Buryats belong.
=546  \\$aIn English, Russian
=650  04$aBuryat
=650  \4$aCultural assimilation
=650  \4$aEconomic conditions
=650  \4$aAlcoholism
=650  \4$aCultural identity
=650  \4$aCultural change and history
=650  \4$aTribal and national groups
=700  1\$aGardner, Janet$q(Janet P.)$4pro
=700  1\$aPantaeva, Irina.$4pro
=700  1\$aPantaeva, Irina.$4aut
=700  1\$aGardner, Janet.$4drt
=700  1\$aPantaeva, Irina.$4oth
=773  0\$dNew York, NY : Filmakers Library
=856  40$uhttp://www.aspresolver.com/aspresolver.asp?ANTH;1689399$yAlexander Street Press Ethnographic Video Online
=859  \\$aORR$bAlexander Street Press
=883  0\$aLanguage codes assigned by Bayesian analysis of words present in record$d20201028$qUk$c0.9010
=985  \\$aUpgraded by BSS-generated file for WR2011-1472
=CAT  \\$aWR13_071$b00$c20130610$lBLL01$h1613
=CAT  \\$aBATCH$b00$c20130610$lBLL01$h1613
=CAT  \\$aWR16_088$c20160606$lBLL01$h1632
=CAT  \\$aBATCH-UPD$b00$c20160606$lBLL01$h1636
=CAT  \\$aW1610-0368$c20161006$lBLL01$h0938
=CAT  \\$aW1606-1753$c20171028$lBLL01$h1352
=CAT  \\$a8962$b40$c20190319$lBLL01$h1437
=CAT  \\$aW2011-1472$b00$c20201127$lBLL01$h1833
=FIN  \\$aY$d20130610
=LAS  \\$aW2011-1472$b00$c20201127$lBLL01$h1833

