=LDR  02508 gm a2200637uu 4500
=001  016428521
=003  Uk
=005  20201127183331.0
=008  100813s2001\\\\xx\|||\|||||||||||mleng\d
=FMT  \\$a  VM
=035  \\$aASP764406/ant1
=245  00$aA Sigh And A Wish: Helen Creighton's Maritimes
=260  \\$aWatertown, MA$bDocumentary Educational Resources (DER)$c2001
=306  \\$a73 minutes
=490  0\$aEthnographic Video Online, Volume 1
=505  00$aRenowned folklorist Helen Creighton single-handedly compiled North America's largest collection of folklore and music, much of which would have disappeared forever if not for her tenacity, collecting stories and songs from the Gaelic singers of Cape Breton, French Acadians, the Mi'kmaw, and the Black communities of Nova Scotia.
=546  \\$aIn English
=650  04$aAcadian
=650  04$aMicmac
=650  04$aAfrican Canadian
=650  04$aCanadian
=650  \4$aEthnomusicology
=650  \4$aCultural change and history
=650  \4$aFolklore
=650  \4$aFolk music
=650  \4$aCultural identity
=700  1\$aMartin, Kent.$4pro
=700  1\$aDavies, Donna.$4aut
=700  1\$aDavies, Donna.$4drt
=700  1\$aBoyd, Odile$4oth
=700  1\$aCreighton, Helen$4oth
=700  1\$aCroft, Clary.$4oth
=700  1\$aDoyle, Teresa.$4oth
=700  1\$aGallant, Lennie.$4oth
=700  1\$aMary Jane, Lamond$4oth
=700  1\$aMartin, Catherine.$4oth
=700  1\$aMcKay, Ian.$4oth
=700  1\$aRankin, Raylen$4oth
=700  1\$aRedden, Finvola$4oth
=700  1\$aSeeger, Pete$4oth
=700  1\$aMacIsaac, Ashley.$4nrt
=773  0\$dWatertown, MA : Documentary Educational Resources (DER), 2001
=856  40$uhttp://www.aspresolver.com/aspresolver.asp?ANTH;764406$yAlexander Street Press Ethnographic Video Online
=859  \\$aORR$bAlexander Street Press
=883  0\$aLanguage codes assigned by Bayesian analysis of words present in record$d20201028$qUk$c0.9010
=985  \\$aUpgraded by BSS-generated file for WR2011-1472
=CAT  \\$aWR13_071$b00$c20130610$lBLL01$h1613
=CAT  \\$aBATCH$b00$c20130610$lBLL01$h1613
=CAT  \\$aBATCH-UPD$b00$c20141220$lBLL01$h1112
=CAT  \\$aWR16_088$c20160606$lBLL01$h1632
=CAT  \\$aBATCH-UPD$b00$c20160606$lBLL01$h1636
=CAT  \\$aW1610-0368$c20161006$lBLL01$h0938
=CAT  \\$aW1606-1753$c20171028$lBLL01$h1352
=CAT  \\$aW2011-1472$b00$c20201127$lBLL01$h1833
=FIN  \\$aY$d20130610
=LAS  \\$aW2011-1472$b00$c20201127$lBLL01$h1833

