=LDR  01933 gm a2200421uu 4500
=001  016428522
=003  Uk
=005  20201127183331.0
=008  100813s1996\\\\xx\|||\|||||||||||mleng\d
=FMT  \\$a  VM
=035  \\$aASP765246/ant1
=245  00$aSight Unseen
=260  \\$aWatertown, MA$bDocumentary Educational Resources (DER)$c1996
=306  \\$a27 minutes
=490  0\$aEthnographic Video Online, Volume 1
=505  00$aEvery morning at dawn, Ida Pedanda, a Balinese Hindu priest, sets out to gather flowers that he will use in religious ceremonies throughtout the day. His daily journey takes him by the houses of people he has lived near all his life. He walks by the ocean he has fished in for nearly as long. And, on his way home, he passes by the establishment of his newest neighbor from Kentucky--Colonel Sanders.
=546  \\$aIn English
=650  04$aBalinese
=650  \4$aEconomic development
=650  \4$aTourism industry
=650  \4$aCultural change and history
=700  1\$aKurzon, Nicholas.$4aut
=700  1\$aKurzon, Nicholas.$4drt
=700  1\$aBrown, Winsome$4nrt
=773  0\$dWatertown, MA : Documentary Educational Resources (DER), 1996
=856  40$uhttp://www.aspresolver.com/aspresolver.asp?ANTH;765246$yAlexander Street Press Ethnographic Video Online
=859  \\$aORR$bAlexander Street Press
=883  0\$aLanguage codes assigned by Bayesian analysis of words present in record$d20201028$qUk$c0.9010
=985  \\$aUpgraded by BSS-generated file for WR2011-1472
=CAT  \\$aWR13_071$b00$c20130610$lBLL01$h1613
=CAT  \\$aBATCH$b00$c20130610$lBLL01$h1613
=CAT  \\$aWR16_088$c20160606$lBLL01$h1632
=CAT  \\$aBATCH-UPD$b00$c20160606$lBLL01$h1636
=CAT  \\$aW1610-0368$c20161006$lBLL01$h0938
=CAT  \\$aW1606-1753$c20171028$lBLL01$h1352
=CAT  \\$aW2011-1472$b00$c20201127$lBLL01$h1833
=FIN  \\$aY$d20130610
=LAS  \\$aW2011-1472$b00$c20201127$lBLL01$h1833

