=LDR  02033 gm a2200457uu 4500
=001  016428523
=003  Uk
=005  20201127183331.0
=008  100813s1995\\\\xx\|||\|||||||||||mleng\d
=FMT  \\$a  VM
=035  \\$aASP765250/ant1
=245  00$aSilent Sentinels, Coward's War
=260  \\$aWatertown, MA$bDocumentary Educational Resources (DER)$c1995
=306  \\$a54 minutes
=490  0\$aEthnographic Video Online, Volume 1
=505  00$aIn a post-Khmer Rouge society, Cambodia still continues to fight with the ghosts of war. The dominance of landmines throughout rural villages remains a lingering danger and daily threat to the lives of innocent civilians. This issue has spread to become a widespread crisis, as over one thousand people across the globe are killed each month due to landmines.
=546  \\$aIn English
=650  04$aCambodian
=650  \4$aAmputations
=650  \4$aWounds and injuries
=650  \4$aMilitary weapons
=650  \4$aExplosive mines
=700  1\$aFeingold, David, Ph. D.$4pro
=700  1\$aLa Gorce Kramer, Deborah$4pro
=700  1\$aFeingold, David, Ph. D.$4aut
=700  1\$aFeingold, David, Ph. D.$4drt
=700  1\$aCook, Christopher.$4nrt
=773  0\$dWatertown, MA : Documentary Educational Resources (DER), 1995
=856  40$uhttp://www.aspresolver.com/aspresolver.asp?ANTH;765250$yAlexander Street Press Ethnographic Video Online
=859  \\$aORR$bAlexander Street Press
=883  0\$aLanguage codes assigned by Bayesian analysis of words present in record$d20201028$qUk$c0.9010
=985  \\$aUpgraded by BSS-generated file for WR2011-1472
=CAT  \\$aWR13_071$b00$c20130610$lBLL01$h1613
=CAT  \\$aBATCH$b00$c20130610$lBLL01$h1613
=CAT  \\$aBATCH-UPD$b00$c20160307$lBLL01$h2331
=CAT  \\$aWR16_088$c20160606$lBLL01$h1632
=CAT  \\$aW1610-0368$c20161006$lBLL01$h0938
=CAT  \\$aW1606-1753$c20171028$lBLL01$h1352
=CAT  \\$aW2011-1472$b00$c20201127$lBLL01$h1833
=FIN  \\$aY$d20130610
=LAS  \\$aW2011-1472$b00$c20201127$lBLL01$h1833

