=LDR  01963 gm a2200481uu 4500
=001  016428525
=003  Uk
=005  20201127183331.0
=008  100813s2003\\\\xx\|||\|||||||||||mleng\d
=FMT  \\$a  VM
=035  \\$aASP765252/ant1
=245  00$aSin Embargo: Never The Less
=260  \\$aWatertown, MA$bDocumentary Educational Resources (DER)$c2003
=306  \\$a49 minutes
=490  0\$aEthnographic Video Online, Volume 1
=505  00$aAfter the revolution of 1959 and the U.S. embargo that followed, the people of Cuba were left to fend for themselves. Deprived of even the most basic goods, they scavenge the alleys and scrap heaps, giving new vitality to the discarded.
=546  \\$aIn Spanish, Subtitles in English
=650  04$aCuban
=650  \4$aEmployment
=650  \4$aInnovation and invention
=650  \4$aEconomic conditions
=650  \4$aEmbargoes
=650  \4$aCultural change and history
=700  1\$aCheng, Katherine.$4pro
=700  1\$aOrner, Eva.$4pro
=700  1\$aGrey, Judith.$4aut
=700  1\$aCheng, Katherine.$4drt
=700  1\$aGrey, Judith.$4drt
=700  1\$aOrner, Eva.$4drt
=773  0\$dWatertown, MA : Documentary Educational Resources (DER), 2003
=856  40$uhttp://www.aspresolver.com/aspresolver.asp?ANTH;765252$yAlexander Street Press Ethnographic Video Online
=859  \\$aORR$bAlexander Street Press
=883  0\$aLanguage codes assigned by Bayesian analysis of words present in record$d20201028$qUk$c0.9010
=985  \\$aUpgraded by BSS-generated file for WR2011-1472
=CAT  \\$aWR13_071$b00$c20130610$lBLL01$h1613
=CAT  \\$aBATCH$b00$c20130610$lBLL01$h1613
=CAT  \\$aWR16_088$c20160606$lBLL01$h1632
=CAT  \\$aBATCH-UPD$b00$c20160606$lBLL01$h1636
=CAT  \\$aW1610-0368$c20161006$lBLL01$h0938
=CAT  \\$aW1606-1753$c20171028$lBLL01$h1352
=CAT  \\$aW2011-1472$b00$c20201127$lBLL01$h1833
=FIN  \\$aY$d20130610
=LAS  \\$aW2011-1472$b00$c20201127$lBLL01$h1833

