=LDR  02579 gm a2200409uu 4500
=001  016428526
=003  Uk
=005  20201127183331.0
=008  100813s2001\\\\xx\|||\|||||||||||mleng\d
=FMT  \\$a  VM
=035  \\$aASP1689401/ant1
=245  00$aSinging Between Two Worlds - Learning Traditional Music in the Heart of Modern India
=260  \\$aNew York, NY$bFilmakers Library$c2001
=306  \\$a26 minutes
=490  0\$aEthnographic Video Online, Volume 1
=505  00$aThis is a warm portrait of one of the most revered musical families in India, in which the cherished tradition of dhrupad vocal music is passed on from father to son. The Dagar brothers are handsome, affable young men at home in contemporary India. Yet they sit cross legged on a carpeted floor submitting to the instructions of their father, hour after hour, day after day, in order to master the complex tonalities of this demanding music. Their musical tradition has been passed on orally from father to son, kept alive for thousands of years without the aid of writing.Singing Between Two Worlds presents for the first time on film an in-depth look at the extraordinary approach to musical training fundamental to the classical music of India. This method is known as the guru shishya parampara. Through it, the Dagar brothers devote their lives to learning dhrupad vocal music, and strive to take their place among the twentieth generation of their family to have mastered this tradition. Viewers will gain an appreciation not only of the demands but also of the beauty of Indian classical music.
=546  \\$aIn English
=650  04$aIndian
=650  \4$aCultural identity
=650  \4$aMusicians
=650  \4$aEthnomusicology
=650  \4$aMusic
=700  1\$aHardy, Ian.$4drt
=773  0\$dNew York, NY : Filmakers Library, 2001
=856  40$uhttp://www.aspresolver.com/aspresolver.asp?ANTH;1689401$yAlexander Street Press Ethnographic Video Online
=859  \\$aORR$bAlexander Street Press
=883  0\$aLanguage codes assigned by Bayesian analysis of words present in record$d20201028$qUk$c0.9010
=985  \\$aUpgraded by BSS-generated file for WR2011-1472
=CAT  \\$aWR13_071$b00$c20130610$lBLL01$h1613
=CAT  \\$aBATCH$b00$c20130610$lBLL01$h1613
=CAT  \\$aWR16_088$c20160606$lBLL01$h1632
=CAT  \\$aBATCH-UPD$b00$c20160606$lBLL01$h1636
=CAT  \\$aW1610-0368$c20161006$lBLL01$h0938
=CAT  \\$aW1606-1753$c20171028$lBLL01$h1352
=CAT  \\$aW2011-1472$b00$c20201127$lBLL01$h1833
=FIN  \\$aY$d20130610
=LAS  \\$aW2011-1472$b00$c20201127$lBLL01$h1833

