=LDR  02075 gm a2200517uu 4500
=001  016428527
=003  Uk
=005  20201127183331.0
=008  100813s2005\\\\xx\|||\|||||||||||mleng\d
=FMT  \\$a  VM
=035  \\$aASP765254/ant1
=245  00$aSinging Pictures
=260  \\$aWatertown, MA$bDocumentary Educational Resources (DER)$c2005
=306  \\$a40 minutes
=490  0\$aEthnographic Video Online, Volume 1
=505  00$aFor generations, Patua (Chitrakar) communities of West Bengal, India have been painters and singers of stories depicted in scrolls. The Patuas tell the stories of Muslim saints (pirs and fakirs) as well as Hindu Gods and Goddesses, and offer devotion to saints at Muslim shrines.
=650  04$aPatua
=650  \4$aArt
=650  \4$aCultural change and history
=650  \4$aPainting
=650  \4$aMyths and legends
=650  \4$aReligion
=650  \4$aSongs
=650  \4$aVisual artists
=700  1\$aFruzzetti, Lina.$4pro
=700  1\$aÖstör, Ákos.$4pro
=700  1\$aFruzzetti, Lina.$4aut
=700  1\$aSarkar, Aditi Nath.$4aut
=700  1\$aÖstör, Ákos.$4aut
=700  1\$aFruzzetti, Lina.$4drt
=700  1\$aSarkar, Aditi Nath.$4drt
=700  1\$aÖstör, Ákos.$4drt
=773  0\$dWatertown, MA : Documentary Educational Resources (DER), 2005
=856  40$uhttp://www.aspresolver.com/aspresolver.asp?ANTH;765254$yAlexander Street Press Ethnographic Video Online
=859  \\$aORR$bAlexander Street Press
=883  0\$aLanguage codes assigned by Bayesian analysis of words present in record$d20201028$qUk$c0.9010
=985  \\$aUpgraded by BSS-generated file for WR2011-1472
=CAT  \\$aWR13_071$b00$c20130610$lBLL01$h1613
=CAT  \\$aBATCH$b00$c20130610$lBLL01$h1613
=CAT  \\$aWR16_088$c20160606$lBLL01$h1632
=CAT  \\$aBATCH-UPD$b00$c20160606$lBLL01$h1636
=CAT  \\$aW1610-0368$c20161006$lBLL01$h0938
=CAT  \\$aW1606-1753$c20171028$lBLL01$h1352
=CAT  \\$aW2011-1472$b00$c20201127$lBLL01$h1833
=FIN  \\$aY$d20130610
=LAS  \\$aW2011-1472$b00$c20201127$lBLL01$h1833

