=LDR  03613 gm a2200385uu 4500
=001  016428529
=003  Uk
=005  20201127183331.0
=008  100813s9999\\\\xx\|||\|||||||||||mleng\d
=FMT  \\$a  VM
=035  \\$aASP1779517/ant1
=245  00$aSix Days in June: Part 2: The War and Beyond
=260  \\$aParis, France$bPoint du Jour International
=306  \\$a52 minutes
=490  0\$aEthnographic Video Online, Volume 1
=520  3\$aThe shooting lasted only six tense days in June 1967, but the Six Day War has never really ended. Every crisis that has ripped through this region in the ensuing decades had its roots in these fateful days. On the 40th anniversary of the war, the region remains trapped in conflict.This war has long been seen by Israel as the miraculous victory of their "little state". . . this enclave surrounded by an "ocean" of tens of millions of Arabs from all over the Middle East. For the Arab states, this was a humiliating defeat suffered at the hand of imperialistic plotters. Our two-part film tells the true story of the Six Day War - beyond the images and propaganda clichés.40 years on, it is safe to say that the Six Day War was a key turning point in the history of the Middle East. It marked the end of the dream of a united Arab nation that would be free of the dominance of leading powers. After the defeat of the Arab states, the Palestinians came to realise that, henceforth, they would have to rely on themselves. The occupation by Israel of the West Bank and East Jerusalem further contributed to strengthen the sense of national identity of the Arabs of Palestine. The war sparked a profound religious awakening in Israel which ultimately triggered a rise in Islamic fundamentalism throughout the region.Finally, the events marked the beginning of a historical cycle that saw Israeli military victory lead to a tragic political deadlock that has been causing suffering for the people in the entire region ever since. To this very day, the return to pre-1967 war borders are still considered the condition for any peace plan based on the coexistence of an Israeli and a Palestinian state.This two-part documentary, shot in Israel, Egypt, Jordan and Syria, offers impressive choice of archives and an extraordinary amount of new testimonies from varied sources, from ordinary soldiers to generals, from politicians to secret service agents. Part One leads us onto the march to war, whereas Part Two concentrates on the war itself. In an in-depth analysis of history, the film offers a greater understanding of the key issues at stake today in the Middle East.
=546  \\$aIn Hebrew, Arabic, English, Subtitles in English
=600  14$aAbdel Nasser, Gamal
=650  04$aMiddle Eastern
=650  \4$aWar
=700  1\$aZiv, Ilan.$4drt
=773  0\$dParis, France : Point du Jour International
=856  40$uhttp://www.aspresolver.com/aspresolver.asp?ANTH;1779517$yAlexander Street Press Ethnographic Video Online
=859  \\$aORR$bAlexander Street Press
=883  0\$aLanguage codes assigned by Bayesian analysis of words present in record$d20201028$qUk$c0.9010
=985  \\$aUpgraded by BSS-generated file for WR2011-1472
=CAT  \\$aWR13_071$b00$c20130610$lBLL01$h1613
=CAT  \\$aBATCH$b00$c20130610$lBLL01$h1613
=CAT  \\$aWR16_088$c20160606$lBLL01$h1632
=CAT  \\$aBATCH-UPD$b00$c20160606$lBLL01$h1636
=CAT  \\$aW1610-0368$c20161006$lBLL01$h0938
=CAT  \\$aW1606-1753$c20171028$lBLL01$h1352
=CAT  \\$aW2011-1472$b00$c20201127$lBLL01$h1833
=FIN  \\$aY$d20130610
=LAS  \\$aW2011-1472$b00$c20201127$lBLL01$h1833

