=LDR  01874 gm a2200445uu 4500
=001  016428530
=003  Uk
=005  20201127183331.0
=008  100813s1995\\\\xx\|||\|||||||||||mleng\d
=FMT  \\$a  VM
=035  \\$aASP765256/ant1
=245  00$aSmall Targets: Children and Landmines in Mozambique
=260  \\$aWatertown, MA$bDocumentary Educational Resources (DER)$c1995
=306  \\$a27 minutes
=490  0\$aEthnographic Video Online, Volume 1
=505  00$aAs Mozambique emerges from a past filled with civil war, the threat of landmines indefinitely remains. Amidst a country where a variety of devastating economic and health concerns take top priority, de-mining programs are generally unfunded and minimal.
=546  \\$aIn English
=650  04$aMozambican
=650  \4$aAmputations
=650  \4$aWar
=650  \4$aExplosive mines
=650  \4$aChildren
=700  1\$aSlotar, Dean.$4pro
=700  1\$aFeingold, David, Ph. D.$4aut
=700  1\$aFeingold, David, Ph. D.$4drt
=700  1\$aThompson, Raphael Nash.$4nrt
=773  0\$dWatertown, MA : Documentary Educational Resources (DER), 1995
=856  40$uhttp://www.aspresolver.com/aspresolver.asp?ANTH;765256$yAlexander Street Press Ethnographic Video Online
=859  \\$aORR$bAlexander Street Press
=883  0\$aLanguage codes assigned by Bayesian analysis of words present in record$d20201028$qUk$c0.9010
=985  \\$aUpgraded by BSS-generated file for WR2011-1472
=CAT  \\$aWR13_071$b00$c20130610$lBLL01$h1613
=CAT  \\$aBATCH$b00$c20130610$lBLL01$h1613
=CAT  \\$aWR16_088$c20160606$lBLL01$h1632
=CAT  \\$aBATCH-UPD$b00$c20160606$lBLL01$h1636
=CAT  \\$aW1610-0368$c20161006$lBLL01$h0938
=CAT  \\$aW1606-1753$c20171028$lBLL01$h1352
=CAT  \\$aW2011-1472$b00$c20201127$lBLL01$h1833
=FIN  \\$aY$d20130610
=LAS  \\$aW2011-1472$b00$c20201127$lBLL01$h1833

