=LDR  01857 gm a2200469uu 4500
=001  016428531
=003  Uk
=005  20201127183331.0
=008  100813s2004\\\\xx\|||\|||||||||||mleng\d
=FMT  \\$a  VM
=035  \\$aASP765452/ant1
=245  00$aThe Snake Charmer
=260  \\$aWatertown, MA$bDocumentary Educational Resources (DER)$c2004
=306  \\$a28 minutes
=490  0\$aEthnographic Video Online, Volume 1
=505  00$aThe Snake Charmer is a short ethnographic documentary outlining the family history and magical roots of a group of nomadic Rajasthani snake charmers, or Madari, living in rural Gujarat, northwest India.
=546  \\$aIn English
=650  04$aIndian
=650  \4$aCultural identity
=650  \4$aMyths and legends
=650  \4$aHinduism
=650  \4$aSocial castes
=700  1\$aGoldblum, Alex M.$4pro
=700  1\$aGoldblum, Alex M.$4aut
=700  1\$aJhala, Jayasinhji.$4aut
=700  1\$aGoldblum, Alex M.$4drt
=700  1\$aNath, Sauji$4oth
=700  1\$aRajpal, Renu$4nrt
=773  0\$dWatertown, MA : Documentary Educational Resources (DER), 2004
=856  40$uhttp://www.aspresolver.com/aspresolver.asp?ANTH;765452$yAlexander Street Press Ethnographic Video Online
=859  \\$aORR$bAlexander Street Press
=883  0\$aLanguage codes assigned by Bayesian analysis of words present in record$d20201028$qUk$c0.9010
=985  \\$aUpgraded by BSS-generated file for WR2011-1472
=CAT  \\$aWR13_071$b00$c20130610$lBLL01$h1613
=CAT  \\$aBATCH$b00$c20130610$lBLL01$h1613
=CAT  \\$aWR16_088$c20160606$lBLL01$h1632
=CAT  \\$aBATCH-UPD$b00$c20160606$lBLL01$h1636
=CAT  \\$aW1610-0368$c20161006$lBLL01$h0938
=CAT  \\$aW1606-1753$c20171028$lBLL01$h1352
=CAT  \\$aW2011-1472$b00$c20201127$lBLL01$h1833
=FIN  \\$aY$d20130610
=LAS  \\$aW2011-1472$b00$c20201127$lBLL01$h1833

