=LDR  01955 gm a2200493uu 4500
=001  016428533
=003  Uk
=005  20201127183331.0
=008  100813s1987\\\\xx\|||\|||||||||||mleng\d
=FMT  \\$a  VM
=035  \\$aASP1689477/ant1
=245  00$aThe Sociolinguistics of Language
=260  \\$aNew York, NY$bInsight Media$c1987
=306  \\$a26 minutes
=490  0\$aEthnographic Video Online, Volume 1
=505  00$aThis lecture-format video introduces the five areas of sociolinguistics: language variation, ethnography of communication, language in social context, language change, and speech-act theory. The program also examines methods of study and reviews the research of linguists, anthropologists, and sociologists.
=546  \\$aIn English
=650  04$aBolivian
=650  \4$aBehavior
=650  \4$aSocial groups
=650  \4$aObservation techniques for anthropology
=650  \4$aSpanish language
=650  \4$aCultural norms
=650  \4$aTrade
=650  \4$aMarkets
=650  \4$aSociology
=650  \4$aLanguage
=700  1\$aLyons, Jeff.$4pro
=700  1\$aMorgan, Mary M.$4aut
=700  1\$aRudy, Ken.$4drt
=773  0\$dNew York, NY : Insight Media, 1987
=856  40$uhttp://www.aspresolver.com/aspresolver.asp?ANTH;1689477$yAlexander Street Press Ethnographic Video Online
=859  \\$aORR$bAlexander Street Press
=883  0\$aLanguage codes assigned by Bayesian analysis of words present in record$d20201028$qUk$c0.9010
=985  \\$aUpgraded by BSS-generated file for WR2011-1472
=CAT  \\$aWR13_071$b00$c20130610$lBLL01$h1613
=CAT  \\$aBATCH$b00$c20130610$lBLL01$h1613
=CAT  \\$aWR16_088$c20160606$lBLL01$h1632
=CAT  \\$aBATCH-UPD$b00$c20160606$lBLL01$h1636
=CAT  \\$aW1610-0368$c20161006$lBLL01$h0938
=CAT  \\$aW1606-1753$c20171028$lBLL01$h1352
=CAT  \\$aW2011-1472$b00$c20201127$lBLL01$h1833
=FIN  \\$aY$d20130610
=LAS  \\$aW2011-1472$b00$c20201127$lBLL01$h1833

