=LDR  02212 gm a2200553uu 4500
=001  016428535
=003  Uk
=005  20201127183331.0
=008  100813s2002\\\\xx\|||\|||||||||||mlspa\d
=FMT  \\$a  VM
=035  \\$aASP765258/ant1
=041  \\$aspa$aeng
=245  00$aSol de Noche, La Historia De Olga Y Luis (A Gleam In The Dark)
=246  13$aGleam in the Dark: The Story of Olga and Luis
=260  \\$aWatertown, MA$bDocumentary Educational Resources (DER)$c2002
=306  \\$a78 minutes
=490  0\$aEthnographic Video Online, Volume 1
=505  00$aIn 1976, during the Argentine military dictatorship, an event called the Night of the Blackout occured in Ledesma. This black out was a well coordinated connivance between the military government and powerful economic interests
=546  \\$aIn Spanish, Subtitles in English
=650  04$aArgentine
=650  \4$aCultural identity
=650  \4$aPolitical prisoners
=650  \4$aPolitics
=650  \4$aHuman rights
=650  \4$aPolitical corruption
=650  \4$aTotalitarianism
=700  1\$aLudin, Noberto$4pro
=700  1\$aMilstein, Pablo.$4pro
=700  1\$aLudin, Noberto$4aut
=700  1\$aMilstein, Pablo.$4aut
=700  1\$aLudin, Noberto$4drt
=700  1\$aMilstein, Pablo.$4drt
=700  1\$aAredez, Adriana$4oth
=700  1\$aAredez, Luis$4oth
=700  1\$aAredez, Olga$4oth
=773  0\$dWatertown, MA : Documentary Educational Resources (DER), 2002
=856  40$uhttp://www.aspresolver.com/aspresolver.asp?ANTH;765258$yAlexander Street Press Ethnographic Video Online
=859  \\$aORR$bAlexander Street Press
=883  0\$aLanguage codes assigned by Bayesian analysis of words present in record$d20201028$qUk$c0.9010
=985  \\$aUpgraded by BSS-generated file for WR2011-1472
=CAT  \\$aWR13_071$b00$c20130610$lBLL01$h1613
=CAT  \\$aBATCH$b00$c20130610$lBLL01$h1613
=CAT  \\$aWR16_088$c20160606$lBLL01$h1632
=CAT  \\$aBATCH-UPD$b00$c20160606$lBLL01$h1636
=CAT  \\$aW1610-0368$c20161006$lBLL01$h0938
=CAT  \\$aW1606-1753$c20171028$lBLL01$h1352
=CAT  \\$aW2011-1472$b00$c20201127$lBLL01$h1833
=FIN  \\$aY$d20130610
=LAS  \\$aW2011-1472$b00$c20201127$lBLL01$h1833

