=LDR  01932 gm a2200493uu 4500
=001  016428536
=003  Uk
=005  20201127183331.0
=008  100813s1993\\\\xx\|||\|||||||||||mleng\d
=FMT  \\$a  VM
=035  \\$aASP765260/ant1
=245  00$aSong of Umm Dalaila: The Story of the Saharawis
=260  \\$aWatertown, MA$bDocumentary Educational Resources (DER)$c1993
=306  \\$a30 minutes
=490  0\$aEthnographic Video Online, Volume 1
=505  00$aThis documentary provides vital historical background to a situation that receives little attention in the media. It is of interest to Middle Eastern Studies, African Studies, International Human Rights and Women's Studies.
=546  \\$aIn English
=650  04$aArab
=650  04$aMoroccan
=650  04$aSahrawi
=650  \4$aWomen
=650  \4$aEducation
=650  \4$aHuman rights
=650  \4$aMilitary occupations
=650  \4$aRefugee camps
=650  \4$aColonialism
=700  1\$aSmith, Danielle.$4pro
=700  1\$aSmith, Danielle.$4aut
=700  1\$aSmith, Danielle.$4drt
=700  1\$aSmith, Danielle.$4nrt
=773  0\$dWatertown, MA : Documentary Educational Resources (DER), 1993
=856  40$uhttp://www.aspresolver.com/aspresolver.asp?ANTH;765260$yAlexander Street Press Ethnographic Video Online
=859  \\$aORR$bAlexander Street Press
=883  0\$aLanguage codes assigned by Bayesian analysis of words present in record$d20201028$qUk$c0.9010
=985  \\$aUpgraded by BSS-generated file for WR2011-1472
=CAT  \\$aWR13_071$b00$c20130610$lBLL01$h1613
=CAT  \\$aBATCH$b00$c20130610$lBLL01$h1613
=CAT  \\$aWR16_088$c20160606$lBLL01$h1632
=CAT  \\$aBATCH-UPD$b00$c20160606$lBLL01$h1636
=CAT  \\$aW1610-0368$c20161006$lBLL01$h0938
=CAT  \\$aW1606-1753$c20171028$lBLL01$h1352
=CAT  \\$aW2011-1472$b00$c20201127$lBLL01$h1833
=FIN  \\$aY$d20130610
=LAS  \\$aW2011-1472$b00$c20201127$lBLL01$h1833

