=LDR  01934 gm a2200433uu 4500
=001  016428537
=003  Uk
=005  20201127183331.0
=008  100813s2007\\\\xx\|||\|||||||||||mleng\d
=FMT  \\$a  VM
=035  \\$aASP1779508/ant1
=245  00$aSonghua
=260  \\$aWatertown, MA$bDocumentary Educational Resources (DER)$c2007
=306  \\$a28 minutes
=490  0\$aEthnographic Video Online, Volume 1
=505  00$aSonghua depicts the intimate and complex relationship between Harbin residents and their "mother river," the Songhua in northeastern China. By attending to the everyday activities of leisure and labor unfolding along the banks and promenade, this nonfiction video also explores the interface between aesthetics and ethnography as it addresses environmental crisis within a major waterway of China.
=546  \\$aIn Chinese, Subtitles in English
=650  04$aChinese
=650  \4$aPollution
=650  \4$aEnvironment
=650  \4$aDaily life
=650  \4$aCultural identity
=650  \4$aRivers
=700  1\$aSniadecki, J. P.$4aut
=700  1\$aSniadecki, J. P.$4drt
=773  0\$dWatertown, MA : Documentary Educational Resources (DER), 2007
=856  40$uhttp://www.aspresolver.com/aspresolver.asp?ANTH;1779508$yAlexander Street Press Ethnographic Video Online
=859  \\$aORR$bAlexander Street Press
=883  0\$aLanguage codes assigned by Bayesian analysis of words present in record$d20201028$qUk$c0.9010
=985  \\$aUpgraded by BSS-generated file for WR2011-1472
=CAT  \\$aWR13_071$b00$c20130610$lBLL01$h1613
=CAT  \\$aBATCH$b00$c20130610$lBLL01$h1613
=CAT  \\$aBATCH-UPD$b00$c20130610$lBLL01$h1620
=CAT  \\$aWR16_088$c20160606$lBLL01$h1632
=CAT  \\$aW1610-0368$c20161006$lBLL01$h0938
=CAT  \\$aW1606-1753$c20171028$lBLL01$h1352
=CAT  \\$aW2011-1472$b00$c20201127$lBLL01$h1833
=FIN  \\$aY$d20130610
=LAS  \\$aW2011-1472$b00$c20201127$lBLL01$h1833

