=LDR  02851 gm a2200469uu 4500
=001  016428538
=003  Uk
=005  20201127183331.0
=008  100813s1996\\\\xx\|||\|||||||||||mleng\d
=FMT  \\$a  VM
=035  \\$aASP1689403/ant1
=245  00$aSongs for Ralph
=260  \\$aNew York, NY$bFilmakers Library$c1996
=306  \\$a42 minutes
=490  0\$aEthnographic Video Online, Volume 1
=505  00$aThis is a loving and lively musical tribute to Ralph Rinzler, the man who championed indigenous American music, first as a musician, then in field research and recording, and finally as the founder of the Center for Folklife in the Smithsonian Institute.Beginning in the fifties, Rinzler sought out and encouraged folk musicians in the bluegrass, Cajun, shout and Native American traditions. In this film, performers such as Doc Watson, Pete Seeger, David Grisman, the Moving Star Hall Singers and Bernice Johnson Reagon, to name a few, throw heart and soul into song. They remember Ralph's friendship and support, as well as his enthusiasm for new talent.It was Ralph who convinced the Smithsonian Institute that a department should be created for American folk culture. Under his leadership, the Smithsonian produced the annual Folklife Festival and later purchased Folkway Records from Moe Ash, thus preserving American indigenous music for the enjoyment of future generations. The film is a rich tapestry of folk experience expressed in music and oral history. The civil rights movement, the labor movement, the troubles of farm workers, and the longing of immigrants - all these are expressed in the folk tradition Rinzler helped preserve.
=546  \\$aIn English
=600  14$aRinzler, Ralph.
=650  04$aAmerican
=650  \4$aMusicians
=650  \4$aFolk music
=650  \4$aMusic
=700  1\$aPetrissans, Paul$4pro
=700  1\$aPetrissans, Paul$4drt
=700  1\$aGrisman, David.$4oth
=700  1\$aWatson, Doc.$4oth
=700  1\$aSeeger, Pete$4nrt
=773  0\$dNew York, NY : Filmakers Library, 1996
=856  40$uhttp://www.aspresolver.com/aspresolver.asp?ANTH;1689403$yAlexander Street Press Ethnographic Video Online
=859  \\$aORR$bAlexander Street Press
=883  0\$aLanguage codes assigned by Bayesian analysis of words present in record$d20201028$qUk$c0.9010
=985  \\$aUpgraded by BSS-generated file for WR2011-1472
=CAT  \\$aWR13_071$b00$c20130610$lBLL01$h1613
=CAT  \\$aBATCH$b00$c20130610$lBLL01$h1613
=CAT  \\$aBATCH-UPD$b00$c20130610$lBLL01$h1620
=CAT  \\$aWR16_088$c20160606$lBLL01$h1632
=CAT  \\$aBATCH-UPD$b00$c20160606$lBLL01$h1636
=CAT  \\$aW1610-0368$c20161006$lBLL01$h0938
=CAT  \\$aW1606-1753$c20171028$lBLL01$h1352
=CAT  \\$aW2011-1472$b00$c20201127$lBLL01$h1833
=FIN  \\$aY$d20130610
=LAS  \\$aW2011-1472$b00$c20201127$lBLL01$h1833

