=LDR  01839 gm a2200469uu 4500
=001  016428539
=003  Uk
=005  20201127183331.0
=008  100813s1989\\\\xx\|||\|||||||||||mleng\d
=FMT  \\$a  VM
=035  \\$aASP765262/ant1
=245  00$aSongs of Pasta'ay (Ta'ay - The Legendary Little People)
=260  \\$aWatertown, MA$bDocumentary Educational Resources (DER)$c1989
=306  \\$a58 minutes
=490  0\$aEthnographic Video Online, Volume 1
=505  00$aThe Pasta'ay, which means "the festival of the legendary little people," is a significant ritual held every other year in the Saisiat aborigine group in Taiwan.
=546  \\$aIn English
=650  04$aSaisiat
=650  \4$aTourist attractions
=650  \4$aMyths and legends
=650  \4$aSongs
=650  \4$aReligious rites and ceremonies
=650  \4$aCultural identity
=650  \4$aTribal and national groups
=700  1\$aHu, Tai-Li$4pro
=700  1\$aHu, Tai-Li$4aut
=700  1\$aHu, Tai-Li$4drt
=700  1\$aLee, Daw-Ming$4drt
=700  1\$aShih, Sylvia$4nrt
=773  0\$dWatertown, MA : Documentary Educational Resources (DER), 1989
=856  40$uhttp://www.aspresolver.com/aspresolver.asp?ANTH;765262$yAlexander Street Press Ethnographic Video Online
=859  \\$aORR$bAlexander Street Press
=883  0\$aLanguage codes assigned by Bayesian analysis of words present in record$d20201028$qUk$c0.9010
=985  \\$aUpgraded by BSS-generated file for WR2011-1472
=CAT  \\$aWR13_071$b00$c20130610$lBLL01$h1613
=CAT  \\$aBATCH$b00$c20130610$lBLL01$h1613
=CAT  \\$aWR16_088$c20160606$lBLL01$h1632
=CAT  \\$aW1610-0368$c20161006$lBLL01$h0938
=CAT  \\$aW1606-1753$c20171028$lBLL01$h1352
=CAT  \\$aW2011-1472$b00$c20201127$lBLL01$h1833
=FIN  \\$aY$d20130610
=LAS  \\$aW2011-1472$b00$c20201127$lBLL01$h1833

