=LDR  01890 gm a2200457uu 4500
=001  016428540
=003  Uk
=005  20201127183331.0
=008  100813s1986\\\\xx\|||\|||||||||||mleng\d
=FMT  \\$a  VM
=035  \\$aASP765454/ant1
=245  00$aThe Sons of Eboshi
=260  \\$aWatertown, MA$bDocumentary Educational Resources (DER)$c1986
=306  \\$a81 minutes
=490  0\$aEthnographic Video Online, Volume 1
=505  00$aRecorded in 1979
=520  3\$aFour young men take part in traditional coming-of-age Eboshi-Gi rites in Shizuhara, a village in Japan's Kyoto province. The Shinto cermony of Samurai origin marks the young men's passage into adulthood and initiates them into the local youth association.
=546  \\$aIn English
=650  04$aJapanese
=650  \4$aAge identity
=650  \4$aCultural change and history
=650  \4$aReligion
=650  \4$aCommunities
=650  \4$aReligious rites and ceremonies
=700  1\$aŌmori, Yasuhiro.$4aut
=700  1\$aŌmori, Yasuhiro.$4drt
=700  1\$aWatari, Junkichi$4drt
=773  0\$dWatertown, MA : Documentary Educational Resources (DER), 1986
=856  40$uhttp://www.aspresolver.com/aspresolver.asp?ANTH;765454$yAlexander Street Press Ethnographic Video Online
=859  \\$aORR$bAlexander Street Press
=883  0\$aLanguage codes assigned by Bayesian analysis of words present in record$d20201028$qUk$c0.9010
=985  \\$aUpgraded by BSS-generated file for WR2011-1472
=CAT  \\$aWR13_071$b00$c20130610$lBLL01$h1613
=CAT  \\$aBATCH$b00$c20130610$lBLL01$h1613
=CAT  \\$aBATCH-UPD$b00$c20130610$lBLL01$h1620
=CAT  \\$aWR16_088$c20160606$lBLL01$h1632
=CAT  \\$aW1610-0368$c20161006$lBLL01$h0938
=CAT  \\$aW1606-1753$c20171028$lBLL01$h1352
=CAT  \\$aW2011-1472$b00$c20201127$lBLL01$h1833
=FIN  \\$aY$d20130610
=LAS  \\$aW2011-1472$b00$c20201127$lBLL01$h1833

