=LDR  02317 gm a2200565uu 4500
=001  016428541
=003  Uk
=005  20201127183331.0
=008  100813s1978\\\\xx\|||\|||||||||||mleng\d
=FMT  \\$a  VM
=035  \\$aASP765264/ant1
=245  00$aSons of Haji Omar
=260  \\$aWatertown, MA$bDocumentary Educational Resources (DER)$c1978
=306  \\$a58 minutes
=490  0\$aEthnographic Video Online, Volume 1
=505  00$aHaji Omar and his three sons belong to the Lakankhel, a Pashtoon tribal group in northeastern Afghanistan. The film focuses on his family: Haji Omar, the patriarch; Anwar, the eldest, his father's favorite, a pastoralist and expert horseman; Jannat Gul, cultivator and ambitious rebel; and Ismail, the youngest, attending school with a view to a job as a government official.
=546  \\$aIn English, Subtitles in English
=650  04$aPashtun
=650  \4$aGames
=650  \4$aCultural identity
=650  \4$aCultural change and history
=650  \4$aFamily
=650  \4$aTribal and national groups
=650  \4$aHerders
=700  1\$aAsch, Patsy.$4aut
=700  1\$aAsch, Timothy.$4aut
=700  1\$aBalikci, Asen$4aut
=700  1\$aAsch, Patsy.$4drt
=700  1\$aAsch, Timothy.$4drt
=700  1\$aBalikci, Asen$4drt
=700  0\$aAnwar.$4oth
=700  1\$aHaji Omar$4oth
=700  0\$aIsmail.$4oth
=700  1\$aJannat Gul$4oth
=700  1\$aCourtnay, Gordon$4nrt
=773  0\$dWatertown, MA : Documentary Educational Resources (DER), 1978
=856  40$uhttp://www.aspresolver.com/aspresolver.asp?ANTH;765264$yAlexander Street Press Ethnographic Video Online
=859  \\$aORR$bAlexander Street Press
=883  0\$aLanguage codes assigned by Bayesian analysis of words present in record$d20201028$qUk$c0.9010
=985  \\$aUpgraded by BSS-generated file for WR2011-1472
=CAT  \\$aWR13_071$b00$c20130610$lBLL01$h1613
=CAT  \\$aBATCH$b00$c20130610$lBLL01$h1613
=CAT  \\$aBATCH-UPD$b00$c20130610$lBLL01$h1620
=CAT  \\$aWR16_088$c20160606$lBLL01$h1632
=CAT  \\$aBATCH-UPD$b00$c20160606$lBLL01$h1636
=CAT  \\$aW1610-0368$c20161006$lBLL01$h0938
=CAT  \\$aW1606-1753$c20171028$lBLL01$h1352
=CAT  \\$aW2011-1472$b00$c20201127$lBLL01$h1833
=FIN  \\$aY$d20130610
=LAS  \\$aW2011-1472$b00$c20201127$lBLL01$h1833

