=LDR  01959 gm a2200469uu 4500
=001  016428542
=003  Uk
=005  20201127183331.0
=008  100813s1985\\\\xx\|||\|||||||||||mleng\d
=FMT  \\$a  VM
=035  \\$aASP765266/ant1
=245  00$aSons of Shiva
=260  \\$aWatertown, MA$bDocumentary Educational Resources (DER)$c1985
=306  \\$a29 minutes
=490  0\$aEthnographic Video Online, Volume 1
=505  00$aSons of Shiva is a sustained attempt to film a four-day ceremony concerned with the worship of Shiva. Devotees of the God Shiva are shown from the initial taking of the Sacred Thread through gradually intensifying action to a culmination in a variety of ascetic and self denying practices.
=546  \\$aIn English
=650  04$aIndian
=650  \4$aDeities
=650  \4$aReligious practices
=650  \4$aReligious rites and ceremonies
=650  \4$aHinduism
=700  1\$aGardner, Robert.$4pro
=700  1\$aÖstör, Ákos.$4pro
=700  1\$aGardner, Robert.$4aut
=700  1\$aÖstör, Ákos.$4aut
=700  1\$aGardner, Robert.$4drt
=700  1\$aÖstör, Ákos.$4drt
=773  0\$dWatertown, MA : Documentary Educational Resources (DER), 1985
=856  40$uhttp://www.aspresolver.com/aspresolver.asp?ANTH;765266$yAlexander Street Press Ethnographic Video Online
=859  \\$aORR$bAlexander Street Press
=883  0\$aLanguage codes assigned by Bayesian analysis of words present in record$d20201028$qUk$c0.9010
=985  \\$aUpgraded by BSS-generated file for WR2011-1472
=CAT  \\$aWR13_071$b00$c20130610$lBLL01$h1613
=CAT  \\$aBATCH$b00$c20130610$lBLL01$h1613
=CAT  \\$aWR16_088$c20160606$lBLL01$h1632
=CAT  \\$aBATCH-UPD$b00$c20160606$lBLL01$h1636
=CAT  \\$aW1610-0368$c20161006$lBLL01$h0938
=CAT  \\$aW1606-1753$c20171028$lBLL01$h1352
=CAT  \\$aW2011-1472$b00$c20201127$lBLL01$h1833
=FIN  \\$aY$d20130610
=LAS  \\$aW2011-1472$b00$c20201127$lBLL01$h1833

