=LDR  01859 gm a2200433uu 4500
=001  016428543
=003  Uk
=005  20201127183331.0
=008  100813s9999\\\\xx\|||\|||||||||||mleng\d
=FMT  \\$a  VM
=035  \\$aASP1879631/ant1
=245  00$aSons of the Moon
=260  \\$aLondon, UK$bRoyal Anthropological Institute
=306  \\$a23 minutes
=490  0\$aEthnographic Video Online, Volume 1
=505  00$aIn isolated mountain hamlets in Nigeria's Jos Plateau the Ngas have traditionally observed the movements of the moon in the night sky. The moon is a key symbol in Ngas cosmology, believed to regulate the rhythm of all life. The film traces the moon's influence on Ngas work and thought during a single growing season. The documentary tells the story form the point of view of a single traditional Ngas bard.
=546  \\$aIn English
=650  04$aNgas
=650  \4$aAstronomy
=650  \4$aPoets
=650  \4$aDaily life
=650  \4$aMoon
=650  \4$aMountains
=700  1\$aLaPin, Deirdre$4drt
=700  1\$aSpeed, Frank$4drt
=700  1\$aVundai, Mfundi$4nrt
=773  0\$dLondon, UK : Royal Anthropological Institute
=856  40$uhttp://www.aspresolver.com/aspresolver.asp?ANTH;1879631$yAlexander Street Press Ethnographic Video Online
=859  \\$aORR$bAlexander Street Press
=883  0\$aLanguage codes assigned by Bayesian analysis of words present in record$d20201028$qUk$c0.9010
=985  \\$aUpgraded by BSS-generated file for WR2011-1472
=CAT  \\$aWR13_071$b00$c20130610$lBLL01$h1613
=CAT  \\$aBATCH$b00$c20130610$lBLL01$h1613
=CAT  \\$aWR16_088$c20160606$lBLL01$h1632
=CAT  \\$aW1610-0368$c20161006$lBLL01$h0938
=CAT  \\$aW1606-1753$c20171028$lBLL01$h1352
=CAT  \\$aW2011-1472$b00$c20201127$lBLL01$h1833
=FIN  \\$aY$d20130610
=LAS  \\$aW2011-1472$b00$c20201127$lBLL01$h1833

