=LDR  02191 gm a2200397uu 4500
=001  016428544
=003  Uk
=005  20201127183331.0
=008  100813s9999\\\\xx\|||\|||||||||||mleng\d
=FMT  \\$a  VM
=035  \\$aASP1879627/ant1
=245  00$aSophia and Her People
=260  \\$aLondon, UK$bRoyal Anthropological Institute
=306  \\$a33 minutes
=490  0\$aEthnographic Video Online, Volume 1
=505  00$aSofia and her family lost their village home in 1975 when Turkey invaded Cyprus. The film, mainly set in Nicosia in 1983, shows the pressures of refugee economic recovery through shift work in a family bakery, and the pains of dislocation felt by Sofia in her laments which she sings at the intervals during the film. The film is powerful because the members of this large refugee family become individuals for the viewer, each with his or her dissatisfactions, illusions, and dreams. The film manages to go beyond merely viewing the hardships these people are trying to overcome to a thought-provoking glimpse into the dynamics of a family. The film is recommended for both secondary school and university courses that are concerned with refugees, Mediterranean anthropology, politics, gender, or psychology.
=650  04$aCypriot
=650  \4$aFamily relationships
=650  \4$aBakers
=650  \4$aBakeries
=650  \4$aEconomic conditions
=650  \4$aRefugees
=700  1\$aLoizos, Peter$4drt
=773  0\$dLondon, UK : Royal Anthropological Institute
=856  40$uhttp://www.aspresolver.com/aspresolver.asp?ANTH;1879627$yAlexander Street Press Ethnographic Video Online
=859  \\$aORR$bAlexander Street Press
=883  0\$aLanguage codes assigned by Bayesian analysis of words present in record$d20201028$qUk$c0.9010
=985  \\$aUpgraded by BSS-generated file for WR2011-1472
=CAT  \\$aWR13_071$b00$c20130610$lBLL01$h1613
=CAT  \\$aBATCH$b00$c20130610$lBLL01$h1613
=CAT  \\$aWR16_088$c20160606$lBLL01$h1632
=CAT  \\$aW1610-0368$c20161006$lBLL01$h0938
=CAT  \\$aW1606-1753$c20171028$lBLL01$h1352
=CAT  \\$aW2011-1472$b00$c20201127$lBLL01$h1833
=FIN  \\$aY$d20130610
=LAS  \\$aW2011-1472$b00$c20201127$lBLL01$h1833

