=LDR  01987 gm a2200481uu 4500
=001  016428546
=003  Uk
=005  20201127183331.0
=008  100813s2000\\\\xx\|||\|||||||||||mleng\d
=FMT  \\$a  VM
=035  \\$aASP765268/ant1
=245  00$aSounds of Love and Sorrow
=260  \\$aWatertown, MA$bDocumentary Educational Resources (DER)$c2000
=306  \\$a86 minutes
=490  0\$aEthnographic Video Online, Volume 1
=505  00$aSounds of Love and Sorrow lets the eerie sounds of the Paiwan flutes including the nose flute, which legend says imitates the call of the deadly hundred-pace snake, mix in with the recollections of tribal elders and traditional tales to present a rich background of Paiwan life in Taiwan.
=546  \\$aIn English, Subtitles in English
=650  04$aPaiwan
=650  \4$aMusic
=650  \4$aCultural identity
=650  \4$aFlutes
=650  \4$aMyths and legends
=650  \4$aTribal and national groups
=700  1\$aHu, Tai-Li$4pro
=700  1\$aHu, Tai-Li$4aut
=700  1\$aHu, Tai-Li$4drt
=700  1\$aPavavalung, Pairhang$4oth
=700  1\$aTariu, Kapang$4oth
=700  1\$aTjakisuvung, Rhemalits$4oth
=700  1\$aTjarhulaiaz, Tsegav$4oth
=773  0\$dWatertown, MA : Documentary Educational Resources (DER), 2000
=856  40$uhttp://www.aspresolver.com/aspresolver.asp?ANTH;765268$yAlexander Street Press Ethnographic Video Online
=859  \\$aORR$bAlexander Street Press
=883  0\$aLanguage codes assigned by Bayesian analysis of words present in record$d20201028$qUk$c0.9010
=985  \\$aUpgraded by BSS-generated file for WR2011-1472
=CAT  \\$aWR13_071$b00$c20130610$lBLL01$h1613
=CAT  \\$aBATCH$b00$c20130610$lBLL01$h1613
=CAT  \\$aWR16_088$c20160606$lBLL01$h1632
=CAT  \\$aW1610-0368$c20161006$lBLL01$h0938
=CAT  \\$aW1606-1753$c20171028$lBLL01$h1352
=CAT  \\$aW2011-1472$b00$c20201127$lBLL01$h1833
=FIN  \\$aY$d20130610
=LAS  \\$aW2011-1472$b00$c20201127$lBLL01$h1833

