=LDR  02002 gm a2200481uu 4500
=001  016428547
=003  Uk
=005  20201127183331.0
=008  100813s1983\\\\xx\|||\|||||||||||mleng\d
=FMT  \\$a  VM
=035  \\$aASP764408/ant1
=245  00$aA South African Farm
=260  \\$aWatertown, MA$bDocumentary Educational Resources (DER)$c1983
=306  \\$a51 minutes
=490  0\$aEthnographic Video Online, Volume 1
=505  00$aAfter a five-year absence from South Africa, filmmaker Paul Laufer returned to his country to film a microcosm of a society in turmoil, a society in which whites are driven by fears of loss of privilege, and blacks are torn between the material benefits of white "Protection" and the desire to be free from oppression.
=546  \\$aIn English
=650  04$aSouth African
=650  \4$aPolitics
=650  \4$aViolence
=650  \4$aCultural change and history
=650  \4$aAgriculture
=650  \4$aInterracial relations
=650  \4$aSegregation
=700  1\$aHenman, Peter$4pro
=700  1\$aLaufer, Paul.$4aut
=700  1\$aLaufer, Paul.$4drt
=700  1\$aValenta, Vašek$4oth
=700  1\$aLaufer, Paul.$4nrt
=773  0\$dWatertown, MA : Documentary Educational Resources (DER), 1983
=856  40$uhttp://www.aspresolver.com/aspresolver.asp?ANTH;764408$yAlexander Street Press Ethnographic Video Online
=859  \\$aORR$bAlexander Street Press
=883  0\$aLanguage codes assigned by Bayesian analysis of words present in record$d20201028$qUk$c0.9010
=985  \\$aUpgraded by BSS-generated file for WR2011-1472
=CAT  \\$aWR13_071$b00$c20130610$lBLL01$h1613
=CAT  \\$aBATCH$b00$c20130610$lBLL01$h1613
=CAT  \\$aWR16_088$c20160606$lBLL01$h1632
=CAT  \\$aW1610-0368$c20161006$lBLL01$h0938
=CAT  \\$aW1606-1753$c20171028$lBLL01$h1352
=CAT  \\$aBATCH-UPD$b00$c20171103$lBLL01$h2021
=CAT  \\$aW2011-1472$b00$c20201127$lBLL01$h1833
=FIN  \\$aY$d20130610
=LAS  \\$aW2011-1472$b00$c20201127$lBLL01$h1833

