=LDR  01931 gm a2200421uu 4500
=001  016428548
=003  Uk
=005  20201127183331.0
=008  100813s2008\\\\xx\|||\|||||||||||mleng\d
=FMT  \\$a  VM
=035  \\$aASP765270/ant1
=245  00$aSpeaking Tree
=260  \\$aWatertown, MA$bDocumentary Educational Resources (DER)$c2008
=306  \\$a65 minutes
=490  0\$aEthnographic Video Online, Volume 1
=505  00$aSpeaking Tree is a beautiful film about a man named Deva who looses his mind while grazing camels in the desert of Northwestern India. As a result of his madness, he is chained to a tree for nearly a decade and cared for by his mother and brother. When an earthquake devastates the region, leaving tens of thousands dead and millions homeless, Deva regains his sanity and attempts to adapt to his former way of life.
=650  04$aIndian
=650  \4$aRural population
=650  \4$aPsychology
=650  \4$aEarthquakes
=650  \4$aMental illnesses
=700  1\$aBetak, Natasha de.$4aut
=700  1\$aBetak, Natasha de.$4drt
=700  1\$aRaja, Deva Bhai$4oth
=773  0\$dWatertown, MA : Documentary Educational Resources (DER), 2008
=856  40$uhttp://www.aspresolver.com/aspresolver.asp?ANTH;765270$yAlexander Street Press Ethnographic Video Online
=859  \\$aORR$bAlexander Street Press
=883  0\$aLanguage codes assigned by Bayesian analysis of words present in record$d20201028$qUk$c0.9010
=985  \\$aUpgraded by BSS-generated file for WR2011-1472
=CAT  \\$aWR13_071$b00$c20130610$lBLL01$h1613
=CAT  \\$aBATCH$b00$c20130610$lBLL01$h1613
=CAT  \\$aWR16_088$c20160606$lBLL01$h1632
=CAT  \\$aBATCH-UPD$b00$c20160606$lBLL01$h1636
=CAT  \\$aW1610-0368$c20161006$lBLL01$h0938
=CAT  \\$aW1606-1753$c20171028$lBLL01$h1352
=CAT  \\$aW2011-1472$b00$c20201127$lBLL01$h1833
=FIN  \\$aY$d20130610
=LAS  \\$aW2011-1472$b00$c20201127$lBLL01$h1833

