=LDR  02190 gm a2200529uu 4500
=001  016428549
=003  Uk
=005  20201127183331.0
=008  100813s1989\\\\xx\|||\|||||||||||mleng\d
=FMT  \\$a  VM
=035  \\$aASP765272/ant1
=245  00$aSpear and Sword: a Ceremonial Payment of Bridewealth
=260  \\$aWatertown, MA$bDocumentary Educational Resources (DER)$c1989
=306  \\$a25 minutes
=490  0\$aEthnographic Video Online, Volume 1
=505  00$aRecorded in 1977
=520  3\$aThis traditionally ethnographic sequence film focuses on the negotiations betwen representatives of two families during a payment of bridewealth. In the past the husband's group would carry a spear and a sword to hang in the wife's house. Now, a payment is made as a substitute for the spear and sword.
=546  \\$aIn Indonesian, Subtitles in English
=650  04$aRotinese
=650  \4$aReligious rites and ceremonies
=650  \4$aNegotiations
=650  \4$aRural population
=650  \4$aTribal and national groups
=650  \4$aMyths and legends
=650  \4$aEndogamy
=700  1\$aAsch, Patsy.$4aut
=700  1\$aAsch, Timothy.$4aut
=700  1\$aFox, James.$4aut
=700  1\$aAsch, Patsy.$4drt
=700  1\$aAsch, Timothy.$4drt
=700  1\$aFox, James.$4drt
=700  1\$aKiuk, Mias$4oth
=700  1\$aMalesi, Petrus$4oth
=773  0\$dWatertown, MA : Documentary Educational Resources (DER), 1989
=856  40$uhttp://www.aspresolver.com/aspresolver.asp?ANTH;765272$yAlexander Street Press Ethnographic Video Online
=859  \\$aORR$bAlexander Street Press
=883  0\$aLanguage codes assigned by Bayesian analysis of words present in record$d20201028$qUk$c0.9010
=985  \\$aUpgraded by BSS-generated file for WR2011-1472
=CAT  \\$aWR13_071$b00$c20130610$lBLL01$h1613
=CAT  \\$aBATCH$b00$c20130610$lBLL01$h1613
=CAT  \\$aWR16_088$c20160606$lBLL01$h1632
=CAT  \\$aBATCH-UPD$b00$c20160606$lBLL01$h1636
=CAT  \\$aW1610-0368$c20161006$lBLL01$h0938
=CAT  \\$aW1606-1753$c20171028$lBLL01$h1352
=CAT  \\$aW2011-1472$b00$c20201127$lBLL01$h1833
=FIN  \\$aY$d20130610
=LAS  \\$aW2011-1472$b00$c20201127$lBLL01$h1833

