=LDR  02664 gm a2200529uu 4500
=001  016428551
=003  Uk
=005  20201127183331.0
=008  100813s9999\\\\xx\|||\|||||||||||mleng\d
=FMT  \\$a  VM
=035  \\$aASP1689405/ant1
=245  00$aSpirit Doctors
=260  \\$aNew York, NY$bFilmakers Library
=306  \\$a27 minutes
=490  0\$aEthnographic Video Online, Volume 1
=505  00$aFolk healing has been part of the Mexican culture since pre-Columbian days. This tradition still flourishes in the Mexican American communities of the lower Rio Grande Valley. This film follows three healers in their daily work. Josefa, a traditional curandera, uses a variety of herbal and spiritual techniques. She is shown giving blessings, performing ritual cleansings and communicating the wandering soul of the dead man. Maria heals her patients by channeling the spirit of Mexico's most famous healer who died sixty years ago. Trini is a traditional partera, or midwife. She plays an important role in the community where one third of all births take place outside of the hospital. Filmmaker Monica Delgado is herself a descendant of a curandera and partera. These cameo portraits show how traditional beliefs flourish in Mexican American culture.
=546  \\$aIn English
=650  04$aMexican-American
=650  \4$aFolklore
=650  \4$aMidwives
=650  \4$aCultural identity
=650  \4$aTraditional medicine
=650  \4$aHealers
=650  \4$aSpiritual healing
=700  1\$aDelgado, Monica.$4pro
=700  1\$aVan Wagenen, Michael.$4pro
=700  1\$aDelgado, Monica.$4aut
=700  1\$aVan Wagenen, Michael.$4aut
=700  1\$aContreras, Josefa$4oth
=700  0\$aMaria.$4oth
=700  1\$aSaldivar, Trini$4oth
=773  0\$dNew York, NY : Filmakers Library
=856  40$uhttp://www.aspresolver.com/aspresolver.asp?ANTH;1689405$yAlexander Street Press Ethnographic Video Online
=859  \\$aORR$bAlexander Street Press
=883  0\$aLanguage codes assigned by Bayesian analysis of words present in record$d20201028$qUk$c0.9010
=985  \\$aUpgraded by BSS-generated file for WR2011-1472
=CAT  \\$aWR13_071$b00$c20130610$lBLL01$h1613
=CAT  \\$aBATCH$b00$c20130610$lBLL01$h1613
=CAT  \\$aBATCH-UPD$b00$c20130610$lBLL01$h1620
=CAT  \\$aBATCH-UPD$b00$c20150108$lBLL01$h0026
=CAT  \\$aWR16_088$c20160606$lBLL01$h1632
=CAT  \\$aBATCH-UPD$b00$c20160606$lBLL01$h1636
=CAT  \\$aW1610-0368$c20161006$lBLL01$h0938
=CAT  \\$aW1606-1753$c20171028$lBLL01$h1352
=CAT  \\$aW2011-1472$b00$c20201127$lBLL01$h1833
=FIN  \\$aY$d20130610
=LAS  \\$aW2011-1472$b00$c20201127$lBLL01$h1833

