=LDR  02773 gm a2200517uu 4500
=001  016428552
=003  Uk
=005  20201127183331.0
=008  100813s1990\\\\xx\|||\|||||||||||mleng\d
=FMT  \\$a  VM
=035  \\$aASP1689442/ant1
=245  00$aThe Spirit of Kuna Yala
=260  \\$aNew York, NY$bFilmakers Library$c1990
=306  \\$a60 minutes
=490  0\$aEthnographic Video Online, Volume 1
=505  00$aThis award-winning film is a lively portrait of a native people determined to survive the encroachment of the Western world. It features the Kuna Indians of Panama's San Blas Islands as they unite to protect their rainforest homeland, Kuna Yala, and the tradition it inspires. Told entirely in the words of the Kunas, the film is a plea to care for the earth from a people who have a deep and intimate relationship with the land. Today, the rapid destruction of tropical rainforests is recognized as a critical global problem. A tragic result of this process has been the extinction of countless indigenous peoples. The Kuna Indians are a striking exception to this scenario. We learn first hand how they reject the lure of westernization and reaffirm their own traditional values. The issues of conservation and cultural survival are complex, with no simple solutions. This film offers the hopeful message that the timeless wisdom of indigenous peoples has something vital to offer the Western world.
=546  \\$aIn English, Spanish, Subtitles in English
=650  04$aKuna
=650  \4$aProperty rights
=650  \4$aForests
=650  \4$aCultural identity
=650  \4$aPlants
=650  \4$aCultural assimilation
=650  \4$aEducation
=650  \4$aCultural change and history
=650  \4$aDomestic chores
=650  \4$aTribal and national groups
=700  1\$aTodd, Susan.$4pro
=700  1\$aYoung, Andrew.$4pro
=700  1\$aTodd, Susan.$4drt
=700  1\$aYoung, Andrew.$4drt
=700  1\$aBastides, Isaac$4nrt
=773  0\$dNew York, NY : Filmakers Library, 1990
=856  40$uhttp://www.aspresolver.com/aspresolver.asp?ANTH;1689442$yAlexander Street Press Ethnographic Video Online
=859  \\$aORR$bAlexander Street Press
=883  0\$aLanguage codes assigned by Bayesian analysis of words present in record$d20201028$qUk$c0.9010
=985  \\$aUpgraded by BSS-generated file for WR2011-1472
=CAT  \\$aWR13_071$b00$c20130610$lBLL01$h1613
=CAT  \\$aBATCH$b00$c20130610$lBLL01$h1613
=CAT  \\$aWR16_088$c20160606$lBLL01$h1632
=CAT  \\$aBATCH-UPD$b00$c20160606$lBLL01$h1636
=CAT  \\$aW1610-0368$c20161006$lBLL01$h0938
=CAT  \\$aW1606-1753$c20171028$lBLL01$h1352
=CAT  \\$aW2011-1472$b00$c20201127$lBLL01$h1833
=FIN  \\$aY$d20130610
=LAS  \\$aW2011-1472$b00$c20201127$lBLL01$h1833

