=LDR  01958 gm a2200433uu 4500
=001  016428553
=003  Uk
=005  20201127183331.0
=008  100813s1990\\\\xx\|||\|||||||||||mleng\d
=FMT  \\$a  VM
=035  \\$aASP765456/ant1
=245  00$aThe Spirit of TV
=260  \\$aWatertown, MA$bDocumentary Educational Resources (DER)$c1990
=306  \\$a18 minutes
=490  0\$aEthnographic Video Online, Volume 1
=505  00$aBeginning with the arrival by canoe of a TV and VCR in their village, The Spirit of TV documents the emotions and thoughts of the Waiãpi as they first encounter their own recorded images and those of others. Viewing news broadcasts and videos of other Brazilian native peoples, the Waiãpi see the power of images to facilitate memory preservation and political awareness.
=546  \\$aIn English, Subtitles in English
=650  04$aWaiÃ£pi
=650  \4$aCultural assimilation
=650  \4$aCultural identity
=650  \4$aTelevision
=650  \4$aTribal and national groups
=700  1\$aCarelli, Vincent.$4aut
=700  1\$aCarelli, Vincent.$4drt
=700  1\$aKokrenum$4oth
=773  0\$dWatertown, MA : Documentary Educational Resources (DER), 1990
=856  40$uhttp://www.aspresolver.com/aspresolver.asp?ANTH;765456$yAlexander Street Press Ethnographic Video Online
=859  \\$aORR$bAlexander Street Press
=883  0\$aLanguage codes assigned by Bayesian analysis of words present in record$d20201028$qUk$c0.9010
=985  \\$aUpgraded by BSS-generated file for WR2011-1472
=CAT  \\$aWR13_071$b00$c20130610$lBLL01$h1613
=CAT  \\$aBATCH$b00$c20130610$lBLL01$h1613
=CAT  \\$aWR16_088$c20160606$lBLL01$h1632
=CAT  \\$aBATCH-UPD$b00$c20160606$lBLL01$h1636
=CAT  \\$aW1610-0368$c20161006$lBLL01$h0938
=CAT  \\$aW1606-1753$c20171028$lBLL01$h1352
=CAT  \\$aW2011-1472$b00$c20201127$lBLL01$h1833
=FIN  \\$aY$d20130610
=LAS  \\$aW2011-1472$b00$c20201127$lBLL01$h1833

