=LDR  02116 gm a2200529uu 4500
=001  016428554
=003  Uk
=005  20201127183331.0
=008  100813s1972\\\\xx\|||\|||||||||||mleng\d
=FMT  \\$a  VM
=035  \\$aASP765458/ant1
=245  00$aThe Spirit World of Tidikawa
=260  \\$aWatertown, MA$bDocumentary Educational Resources (DER)$c1972
=306  \\$a50 minutes
=490  0\$aEthnographic Video Online, Volume 1
=505  00$aIn 1972 there were about 3800 Bedamini speakers, living in 60 long house communities scattered throughout 700 square kilometers of tropical rainforest. A longhouse community consisted of from 20 to a hundred individuals, and its site shifted every three or four years in order to clear new gardens.
=546  \\$aIn English
=650  04$aBeami (Bedamuni, Bedamini)
=650  \4$aLife stages
=650  \4$aReligious rites and ceremonies
=650  \4$aDaily life
=650  \4$aAgriculture
=650  \4$aMediums
=650  \4$aShamanism
=650  \4$aTribal and national groups
=700  1\$aDoring, Jef$4pro
=700  1\$aDoring, Su$4pro
=700  1\$aDunlop, Geoff.$4aut
=700  1\$aDoring, Jef$4drt
=700  1\$aDoring, Su$4drt
=700  1\$aHaifi$4oth
=700  1\$aTidikawa$4oth
=700  1\$aRowe, John.$4nrt
=773  0\$dWatertown, MA : Documentary Educational Resources (DER), 1972
=856  40$uhttp://www.aspresolver.com/aspresolver.asp?ANTH;765458$yAlexander Street Press Ethnographic Video Online
=859  \\$aORR$bAlexander Street Press
=883  0\$aLanguage codes assigned by Bayesian analysis of words present in record$d20201028$qUk$c0.9010
=985  \\$aUpgraded by BSS-generated file for WR2011-1472
=CAT  \\$aWR13_071$b00$c20130610$lBLL01$h1613
=CAT  \\$aBATCH$b00$c20130610$lBLL01$h1613
=CAT  \\$aBATCH-UPD$b00$c20160110$lBLL01$h2144
=CAT  \\$aWR16_088$c20160606$lBLL01$h1632
=CAT  \\$aW1610-0368$c20161006$lBLL01$h0938
=CAT  \\$aW1606-1753$c20171028$lBLL01$h1352
=CAT  \\$aW2011-1472$b00$c20201127$lBLL01$h1833
=FIN  \\$aY$d20130610
=LAS  \\$aW2011-1472$b00$c20201127$lBLL01$h1833

