=LDR  02746 gm a2200409uu 4500
=001  016428555
=003  Uk
=005  20201127183331.0
=008  100813s9999\\\\xx\|||\|||||||||||mleng\d
=FMT  \\$a  VM
=035  \\$aASP1784798/ant1
=245  00$aSpirits For Sale
=260  \\$aNew York, NY$bFilmakers Library
=306  \\$a58 minutes
=490  0\$aEthnographic Video Online, Volume 1
=520  3\$aWhen Annika is given an eagle feather by a Native American visiting Sweden, she realizes it is a sacred object which should probably not be in her hands. These days Native American ceremonies are being commercialized for "outsiders," arousing resentment in the Native community. Annika sets out to find the feather's rightful owner, a quest which takes her to American Indian communities in Albuquerque, San Antonio and to Bear Butte in South Dakota. She meets many Native Americans who are bitter, believing they are "the forgotten people." But others are fighting to preserve their culture and their faith as well as to protect their land.Navajo Andrew Thomas, who manages the Albuquerque Pueblo Center, explains that certain tribes use feathers in special ways to communicate with "the Upper God." He fears modern Native Americans have lost touch with the ancient beliefs. In this film we hear from a professor of Native American history in San Antonio who discusses the five hundred tribes who lived in the US centuries ago and recalls the massacres they suffered. Gayle Ross, a respected Cherokeeteacher, feels Americans do not understand native people. Arvol Looking Horse of the Lakota/Dakota/Nakota nation is deeply disturbed by the entire arena of cultural exploitation.
=546  \\$aIn English
=650  04$aAmerican Indian
=650  \4$aAmerican Indian communities
=650  \4$aCultural assimilation
=650  \4$aReligious rites and ceremonies
=700  1\$aJohansson, Folke.$4pro
=700  1\$aJohansson, Folke.$4drt
=773  0\$dNew York, NY : Filmakers Library
=856  40$uhttp://www.aspresolver.com/aspresolver.asp?ANTH;1784798$yAlexander Street Press Ethnographic Video Online
=859  \\$aORR$bAlexander Street Press
=883  0\$aLanguage codes assigned by Bayesian analysis of words present in record$d20201028$qUk$c0.9010
=985  \\$aUpgraded by BSS-generated file for WR2011-1472
=CAT  \\$aWR13_071$b00$c20130610$lBLL01$h1613
=CAT  \\$aBATCH$b00$c20130610$lBLL01$h1613
=CAT  \\$aWR16_088$c20160606$lBLL01$h1632
=CAT  \\$aBATCH-UPD$b00$c20160606$lBLL01$h1636
=CAT  \\$aW1610-0368$c20161006$lBLL01$h0938
=CAT  \\$aW1606-1753$c20171028$lBLL01$h1352
=CAT  \\$aW2011-1472$b00$c20201127$lBLL01$h1833
=FIN  \\$aY$d20130610
=LAS  \\$aW2011-1472$b00$c20201127$lBLL01$h1833

