=LDR  03032 gm a2200457uu 4500
=001  016428557
=003  Uk
=005  20201127183331.0
=008  100813s2001\\\\xx\|||\|||||||||||mleng\d
=FMT  \\$a  VM
=035  \\$aASP765142/ant1
=245  00$aS.P.I.T. Squeegee Punks in Traffic
=260  \\$aWatertown, MA$bDocumentary Educational Resources (DER)$c2001
=306  \\$a91 minutes
=490  0\$aEthnographic Video Online, Volume 1
=505  00$aRoach has been living on the streets since age 14, he's rebellious, loud and defiant. As part of S.P.I.T., Roach has been given a camera to document his world. The footage he gets is urgent, because there's a war against squeegee kids. The RoachCAM is positioned behind enemy lines: living in derelict buildings, squeegeeing for money, being hunted by police. The viewer is forced to look at the living reality of Roach and his friends: Hungry on the streets in one of the world's most prosperous countries, classified as thugs, criminals, and enemies. These kids refuse to obey, assimilate, and conform to society's values - their beliefs and realities are scarred into their flesh in the form of piercing, tattoos, track marks, bruised veins, rotting teeth, gangrene, scurvy...S.P.I.T. shatters the windshield between Us and Them. Roach's camera acts as the hammer: hard, forceful, direct; impacting with the force of an actual life. Daniel Cross' camera documents the impact: recording the reflections of individual lives, mirrored upon the shards of flying glass.This is a collaborative film that seizes Punk's "do-it-yourself" ethos. Local punkers Deadly Pale, Locos and others contributed guttural emotion to the soundtrack. Artist Rick Trembles supplied an apocalyptic animation sequence from Roach's imagination. Youth and rebellion fuel this film.
=546  \\$aIn English, French, Subtitles in English
=650  04$aCanadian
=650  \4$aAdolescents
=650  \4$aYouth
=650  \4$aHomeless life
=700  1\$aCross, Daniel$c(Documentary filmmaker)
=700  1\$aRoach$4aut
=700  1\$aCross, Daniel$c(Documentary filmmaker)$4drt
=700  1\$aRoach$4drt
=700  1\$aRoach$4oth
=773  0\$dWatertown, MA : Documentary Educational Resources (DER), 2001
=856  40$uhttp://www.aspresolver.com/aspresolver.asp?ANTH;765142$yAlexander Street Press Ethnographic Video Online
=859  \\$aORR$bAlexander Street Press
=883  0\$aLanguage codes assigned by Bayesian analysis of words present in record$d20201028$qUk$c0.9010
=985  \\$aUpgraded by BSS-generated file for WR2011-1472
=CAT  \\$aWR13_071$b00$c20130610$lBLL01$h1613
=CAT  \\$aBATCH$b00$c20130610$lBLL01$h1613
=CAT  \\$a8962$b40$c20140812$lBLL01$h1510
=CAT  \\$a7416$b40$c20141014$lBLL01$h1421
=CAT  \\$aWR16_088$c20160606$lBLL01$h1632
=CAT  \\$aW1610-0368$c20161006$lBLL01$h0938
=CAT  \\$aW1606-1753$c20171028$lBLL01$h1352
=CAT  \\$aW2011-1472$b00$c20201127$lBLL01$h1833
=FIN  \\$aY$d20130610
=LAS  \\$aW2011-1472$b00$c20201127$lBLL01$h1833

