=LDR  02159 gm a2200469uu 4500
=001  016428558
=003  Uk
=005  20201127183331.0
=008  100813s1984\\\\xx\|||\|||||||||||mleng\d
=FMT  \\$a  VM
=035  \\$aASP1689407/ant1
=245  00$aSpite: An African Prophet-Healer
=260  \\$aNew York, NY$bFilmakers Library$c1984
=306  \\$a56 minutes
=490  0\$aEthnographic Video Online, Volume 1
=505  00$aPeople from all over the Ivory Coast seek out prophet-healers for treatment of their medical and emotional problems. Some of these ailments may be caused by the stress of cultural change. Often Western medicine cannot cure them. This stunningly photographed film focuses on Sebim Odjo, who draws upon Moslem, Christian and traditional African beliefs in his healing ceremonies. He moderates disputes, tracks down the source of illness, and uses his powers to heal. We see a water cure used on a patient ill with spite.
=546  \\$aIn English, French, Subtitles in English
=650  04$aAdyukru
=650  \4$aHealing
=650  \4$aSpiritual healing
=650  \4$aReligious beliefs
=650  \4$aTraditional medicine
=650  \4$aPopular beliefs
=650  \4$aHealers
=700  1\$aAugé, Marc.$4aut
=700  1\$aBonmariage, Manu.$4drt
=700  1\$aColleyn, J. P.$4drt
=700  1\$aOdjo, Sébim.$4oth
=773  0\$dNew York, NY : Filmakers Library, 1984
=856  40$uhttp://www.aspresolver.com/aspresolver.asp?ANTH;1689407$yAlexander Street Press Ethnographic Video Online
=859  \\$aORR$bAlexander Street Press
=883  0\$aLanguage codes assigned by Bayesian analysis of words present in record$d20201028$qUk$c0.9010
=985  \\$aUpgraded by BSS-generated file for WR2011-1472
=CAT  \\$aWR13_071$b00$c20130610$lBLL01$h1613
=CAT  \\$aBATCH$b00$c20130610$lBLL01$h1613
=CAT  \\$aWR16_088$c20160606$lBLL01$h1632
=CAT  \\$aBATCH-UPD$b00$c20160606$lBLL01$h1636
=CAT  \\$aW1610-0368$c20161006$lBLL01$h0938
=CAT  \\$aW1606-1753$c20171028$lBLL01$h1352
=CAT  \\$aW2011-1472$b00$c20201127$lBLL01$h1833
=FIN  \\$aY$d20130610
=LAS  \\$aW2011-1472$b00$c20201127$lBLL01$h1833

