=LDR  03000 gm a2200445uu 4500
=001  016428559
=003  Uk
=005  20201127183331.0
=008  100813s9999\\\\xx\|||\|||||||||||mleng\d
=FMT  \\$a  VM
=035  \\$aASP1784834/ant1
=245  00$aThe Split Horn: Life of a Hmong Shaman in America
=260  \\$aNew York, NY$bFilmakers Library
=306  \\$a56 minutes
=490  0\$aEthnographic Video Online, Volume 1
=520  3\$aThe Split Horn chronicles the seventeen-year journey of a Hmong shaman and his family transplanted from the mountains of Laos to Appleton, Wisconsin. As a shaman, Paja Thao ministers to the physical and spiritual needs of friends and family with elaborate rituals that bridge the natural and spirit worlds. His young daughter's narration gives us insight into the transition from an Asian village to Middle America. To his dismay, Paja's children are losing touch with their family's ancient traditions as they turn to TV, computer games and Christianity. Only his youngest daughter, age fourteen, who studies Hmong traditional dance, seems interested in her culture. Paja's sixteen-year-old son, Xue, works at the local pizza parlor and spends most of this time with his American girlfriend. Paja's concern about family unity deepen when Xue reveals his girlfriend is pregnant. Paja's older children have started families of their own, turning to Christianity and severing ties to their ancient Hmong traditions.Seeing his family splinter causes Paja great sadness. He conducts a ceremony and while in trance, discover that his own soul has strayed from his body. He spirals into depression and is unable to heal himself or to perform rituals for others for a year. Ultimately, the crisis sets off a family and community response that helps restore the shaman's strength and reunites his family.
=546  \\$aIn English
=650  04$aHmong
=650  \4$aSpiritual leaders
=650  \4$aReligious rites and ceremonies
=650  \4$aCultural assimilation
=650  \4$aCultural identity
=650  \4$aTribal and national groups
=700  1\$aMcSilver, Jim.$4pro
=700  1\$aSeigel, Taggart$4pro
=700  1\$aSiegel, Taggart.$4drt
=773  0\$dNew York, NY : Filmakers Library
=856  40$uhttp://www.aspresolver.com/aspresolver.asp?ANTH;1784834$yAlexander Street Press Ethnographic Video Online
=859  \\$aORR$bAlexander Street Press
=883  0\$aLanguage codes assigned by Bayesian analysis of words present in record$d20201028$qUk$c0.9010
=985  \\$aUpgraded by BSS-generated file for WR2011-1472
=CAT  \\$aWR13_071$b00$c20130610$lBLL01$h1613
=CAT  \\$aBATCH$b00$c20130610$lBLL01$h1613
=CAT  \\$aWR16_088$c20160606$lBLL01$h1632
=CAT  \\$aBATCH-UPD$b00$c20160606$lBLL01$h1636
=CAT  \\$aW1610-0368$c20161006$lBLL01$h0938
=CAT  \\$aW1606-1753$c20171028$lBLL01$h1352
=CAT  \\$aW2011-1472$b00$c20201127$lBLL01$h1833
=FIN  \\$aY$d20130610
=LAS  \\$aW2011-1472$b00$c20201127$lBLL01$h1833

