=LDR  02013 gm a2200457uu 4500
=001  016428560
=003  Uk
=005  20201127183331.0
=008  100813s1997\\\\xx\|||\|||||||||||mleng\d
=FMT  \\$a  VM
=035  \\$aASP765460/ant1
=245  00$aThe Sprouts of Capitalism in China
=260  \\$aWatertown, MA$bDocumentary Educational Resources (DER)$c1997
=306  \\$a30 minutes
=490  0\$aEthnographic Video Online, Volume 1
=505  00$aThis documentary tells the fascinating story of one of China's newly rich entrepreneurs, Yang Daquan, of Pengzhou City in Sichuan. Mr. Yang came from a rich gentry family and was given away as an infant when his family disintegrated at the beginning of the socialist era. He grew up in the countryside as a poor peasant and came to the city in the late 70's as a construction worker.
=546  \\$aIn English
=650  04$aChinese
=650  \4$aBusiness
=650  \4$aEconomic conditions
=650  \4$aEntrepreneurship
=650  \4$aCapitalism
=650  \4$aCultural change and history
=700  1\$aQin, Wen-jie.$4aut
=700  1\$aQin, Wen-jie.$4drt
=700  1\$aYang, Daquan$4oth
=700  1\$aQin, Wen-jie.$4nrt
=773  0\$dWatertown, MA : Documentary Educational Resources (DER), 1997
=856  40$uhttp://www.aspresolver.com/aspresolver.asp?ANTH;765460$yAlexander Street Press Ethnographic Video Online
=859  \\$aORR$bAlexander Street Press
=883  0\$aLanguage codes assigned by Bayesian analysis of words present in record$d20201028$qUk$c0.9010
=985  \\$aUpgraded by BSS-generated file for WR2011-1472
=CAT  \\$aWR13_071$b00$c20130610$lBLL01$h1613
=CAT  \\$aBATCH$b00$c20130610$lBLL01$h1613
=CAT  \\$aWR16_088$c20160606$lBLL01$h1632
=CAT  \\$aBATCH-UPD$b00$c20160606$lBLL01$h1636
=CAT  \\$aW1610-0368$c20161006$lBLL01$h0938
=CAT  \\$aW1606-1753$c20171028$lBLL01$h1352
=CAT  \\$aW2011-1472$b00$c20201127$lBLL01$h1833
=FIN  \\$aY$d20130610
=LAS  \\$aW2011-1472$b00$c20201127$lBLL01$h1833

