=LDR  02127 gm a2200457uu 4500
=001  016428561
=003  Uk
=005  20201127183331.0
=008  100813s1967\\\\xx\|||\|||||||||||mleng\d
=FMT  \\$a  VM
=035  \\$aASP1876696/ant1
=245  00$aStalking Seal on the Spring Ice Part 1
=260  \\$aWatertown, MA$bDocumentary Educational Resources (DER)$c1967
=306  \\$a25 minutes
=490  0\$aEthnographic Video Online, Volume 1
=505  00$aThe family is on the shore of Pelly Bay in May-June. A seal basks beside its hole under a warming sun. The hunter stalks the seal, kills it and drags it to the family camp on shore. Man and wife skin the seal, cutting the hide into rings that girdle the body. Stripped of blubber, the rings are then cut spirally into long thongs. The boy plays on the shingle imitating the circling gulls, while the man stretches his thongs between rocks and scrapes away the fur. The woman dresses the seal, wasting nothing, braiding the intestines.
=546  \\$aIn English
=650  04$aEskimo
=650  \4$aSeals
=650  \4$aInuit people
=650  \4$aHunting
=650  \4$aGender roles
=650  \4$aDaily life
=650  \4$aCultural identity
=650  \4$aSpring
=700  1\$aBrown, Quentin.$4pro
=700  1\$aBrown, Quentin.$4drt
=773  0\$dWatertown, MA : Documentary Educational Resources (DER), 1967
=856  40$uhttp://www.aspresolver.com/aspresolver.asp?ANTH;1876696$yAlexander Street Press Ethnographic Video Online
=859  \\$aORR$bAlexander Street Press
=883  0\$aLanguage codes assigned by Bayesian analysis of words present in record$d20201028$qUk$c0.9010
=985  \\$aUpgraded by BSS-generated file for WR2011-1472
=CAT  \\$aWR13_071$b00$c20130610$lBLL01$h1613
=CAT  \\$aBATCH$b00$c20130610$lBLL01$h1613
=CAT  \\$aWR16_088$c20160606$lBLL01$h1632
=CAT  \\$aBATCH-UPD$b00$c20160606$lBLL01$h1636
=CAT  \\$aW1610-0368$c20161006$lBLL01$h0938
=CAT  \\$aW1606-1753$c20171028$lBLL01$h1352
=CAT  \\$aW2011-1472$b00$c20201127$lBLL01$h1833
=FIN  \\$aY$d20130610
=LAS  \\$aW2011-1472$b00$c20201127$lBLL01$h1833

