=LDR  02374 gm a2200457uu 4500
=001  016428562
=003  Uk
=005  20201127183331.0
=008  100813s1967\\\\xx\|||\|||||||||||mleng\d
=FMT  \\$a  VM
=035  \\$aASP1879431/ant1
=245  00$aStalking Seal on the Spring Ice Part 2
=260  \\$aWatertown, MA$bDocumentary Educational Resources (DER)$c1967
=306  \\$a33 minutes
=490  0\$aEthnographic Video Online, Volume 1
=505  00$aA seal is seen nosing from a snow-melt pool. The hunter sits at the door of his tent shaping a new bone tip for his harpoon. The woman is in the tent sewing a fur mitten. They eat a little frozen fish; then the hunter finishes his harpoon and sets out after seal. After a long imitative stalk, the hunter moves too soon, alerting the seal, and his harpoon misses. In camp the woman skins a flipper and the boy plays. The hunter prepares for a night vigil at the breathing hole of the seal. Next morning the woman scrapes a seal skin, the boy plays on shore, and the hunter still waits for the seal. When again he fails, he turns to egg collecting on the cliff where the gulls nest. Finally the family packs its belongings on a bear skin and shifts along the coast to another area.
=546  \\$aIn English
=650  04$aEskimo
=650  \4$aGender roles
=650  \4$aDaily life
=650  \4$aSewing
=650  \4$aHunting
=650  \4$aInuit people
=650  \4$aCultural identity
=650  \4$aSpring
=700  1\$aBrown, Quentin.$4pro
=700  1\$aBrown, Quentin.$4drt
=773  0\$dWatertown, MA : Documentary Educational Resources (DER), 1967
=856  40$uhttp://www.aspresolver.com/aspresolver.asp?ANTH;1879431$yAlexander Street Press Ethnographic Video Online
=859  \\$aORR$bAlexander Street Press
=883  0\$aLanguage codes assigned by Bayesian analysis of words present in record$d20201028$qUk$c0.9010
=985  \\$aUpgraded by BSS-generated file for WR2011-1472
=CAT  \\$aWR13_071$b00$c20130610$lBLL01$h1613
=CAT  \\$aBATCH$b00$c20130610$lBLL01$h1613
=CAT  \\$aWR16_088$c20160606$lBLL01$h1632
=CAT  \\$aBATCH-UPD$b00$c20160606$lBLL01$h1636
=CAT  \\$aW1610-0368$c20161006$lBLL01$h0938
=CAT  \\$aW1606-1753$c20171028$lBLL01$h1352
=CAT  \\$aW2011-1472$b00$c20201127$lBLL01$h1833
=FIN  \\$aY$d20130610
=LAS  \\$aW2011-1472$b00$c20201127$lBLL01$h1833

