=LDR  02052 gm a2200529uu 4500
=001  016428563
=003  Uk
=005  20201127183331.0
=008  100813s2007\\\\xx\|||\|||||||||||mleng\d
=FMT  \\$a  VM
=035  \\$aASP915888/ant1
=245  00$aStanding Silent Nation
=260  \\$aWatertown, MA$bDocumentary Educational Resources (DER)$c2007
=306  \\$a52 minutes
=490  0\$aEthnographic Video Online, Volume 1
=505  00$aWhat does a family have to endure to create a future for itself?When the Oglala Sioux Tribe passed an ordinance separating industrial hemp from its illegal cousin, marijuana, Alex White Plume and his family glimpsed a brighter future.
=546  \\$aIn English
=650  04$aLakota
=650  04$aOglala
=650  \4$aAgriculture
=650  \4$aPlants
=650  \4$aIndian reservations
=650  \4$aCourt suits
=650  \4$aProperty rights
=650  \4$aIllegal drugs
=650  \4$aCrops
=650  \4$aTribal and national groups
=700  1\$aHermann, Courtney.$4pro
=700  1\$aHermann, Courtney.$4aut
=700  1\$aTowfighnia, Suree.$4aut
=700  1\$aTowfighnia, Suree.$4drt
=700  1\$aWhite Plume, Alex$4oth
=700  1\$aWhite Plume, Ramona$4oth
=773  0\$dWatertown, MA : Documentary Educational Resources (DER), 2007
=856  40$uhttp://www.aspresolver.com/aspresolver.asp?ANTH;915888$yAlexander Street Press Ethnographic Video Online
=859  \\$aORR$bAlexander Street Press
=883  0\$aLanguage codes assigned by Bayesian analysis of words present in record$d20201028$qUk$c0.9010
=985  \\$aUpgraded by BSS-generated file for WR2011-1472
=CAT  \\$aWR13_071$b00$c20130610$lBLL01$h1613
=CAT  \\$aBATCH$b00$c20130610$lBLL01$h1613
=CAT  \\$aWR16_088$c20160606$lBLL01$h1632
=CAT  \\$aBATCH-UPD$b00$c20160606$lBLL01$h1636
=CAT  \\$aW1610-0368$c20161006$lBLL01$h0938
=CAT  \\$aW1606-1753$c20171028$lBLL01$h1352
=CAT  \\$aW2011-1472$b00$c20201127$lBLL01$h1833
=FIN  \\$aY$d20130610
=LAS  \\$aW2011-1472$b00$c20201127$lBLL01$h1833

