=LDR  01972 gm a2200445uu 4500
=001  016428567
=003  Uk
=005  20201127183331.0
=008  100813s2004\\\\xx\|||\|||||||||||mleng\d
=FMT  \\$a  VM
=035  \\$aASP765282/ant1
=245  00$aStone Dream
=260  \\$aWatertown, MA$bDocumentary Educational Resources (DER)$c2004
=306  \\$a79 minutes
=490  0\$aEthnographic Video Online, Volume 1
=505  00$aThis film touches the sensitive issue of national and ethnic identity in Taiwan. Lui Pi-Chia is the main character from Director Chen Yao-Chi's 1965 film "Liu Pi-Chia"; once forced into the army in China, he came to Taiwan with President Chiang Kai-Shek. Several decades later, filmmaker Hu Tai-Li unexpectedly meets this familiar character, now living in a village on the banks of the Mukua River.
=546  \\$aIn Chinese, Subtitles in English
=650  04$aTaiwanese
=650  \4$aRural population
=650  \4$aFamily
=650  \4$aEconomic conditions
=650  \4$aCultural change and history
=650  \4$aCultural identity
=700  1\$aHu, Tai-Li$4pro
=700  1\$aHu, Tai-Li$4aut
=700  1\$aHu, Tai-Li$4drt
=700  1\$aLiu, Pi-Chia$4oth
=773  0\$dWatertown, MA : Documentary Educational Resources (DER), 2004
=856  40$uhttp://www.aspresolver.com/aspresolver.asp?ANTH;765282$yAlexander Street Press Ethnographic Video Online
=859  \\$aORR$bAlexander Street Press
=883  0\$aLanguage codes assigned by Bayesian analysis of words present in record$d20201028$qUk$c0.9010
=985  \\$aUpgraded by BSS-generated file for WR2011-1472
=CAT  \\$aWR13_071$b00$c20130610$lBLL01$h1613
=CAT  \\$aBATCH$b00$c20130610$lBLL01$h1613
=CAT  \\$aWR16_088$c20160606$lBLL01$h1632
=CAT  \\$aW1610-0368$c20161006$lBLL01$h0938
=CAT  \\$aW1606-1753$c20171028$lBLL01$h1352
=CAT  \\$aW2011-1472$b00$c20201127$lBLL01$h1833
=FIN  \\$aY$d20130610
=LAS  \\$aW2011-1472$b00$c20201127$lBLL01$h1833

