=LDR  01778 gm a2200445uu 4500
=001  016428568
=003  Uk
=005  20201127183331.0
=008  100813s1996\\\\xx\|||\|||||||||||mleng\d
=FMT  \\$a  VM
=035  \\$aASP765462/ant1
=245  00$aTHE STREET: a film with the homeless
=260  \\$aWatertown, MA$bDocumentary Educational Resources (DER)$c1996
=306  \\$a78 minutes
=490  0\$aEthnographic Video Online, Volume 1
=505  00$aMade over 6 years, THE STREET is the result of the filmmakers' total immersion into the world of the homeless. It is a gutsy, raw, moving and intimate study of 3 homeless Montrealers.
=546  \\$aIn English
=650  04$aCanadian
=650  \4$aBeggars
=650  \4$aPoverty
=650  \4$aAlcoholism
=650  \4$aHomeless life
=700  1\$aCross, Daniel$c(Documentary filmmaker)$4drt
=700  1\$aClaven, Danny$4oth
=700  1\$aClaven, John$4oth
=700  1\$aO'Malley, Frank$4oth
=773  0\$dWatertown, MA : Documentary Educational Resources (DER), 1996
=856  40$uhttp://www.aspresolver.com/aspresolver.asp?ANTH;765462$yAlexander Street Press Ethnographic Video Online
=859  \\$aORR$bAlexander Street Press
=883  0\$aLanguage codes assigned by Bayesian analysis of words present in record$d20201028$qUk$c0.9010
=985  \\$aUpgraded by BSS-generated file for WR2011-1472
=CAT  \\$aWR13_071$b00$c20130610$lBLL01$h1613
=CAT  \\$aBATCH$b00$c20130610$lBLL01$h1613
=CAT  \\$a7416$b40$c20141014$lBLL01$h1421
=CAT  \\$aWR16_088$c20160606$lBLL01$h1632
=CAT  \\$aW1610-0368$c20161006$lBLL01$h0938
=CAT  \\$aW1606-1753$c20171028$lBLL01$h1352
=CAT  \\$aW2011-1472$b00$c20201127$lBLL01$h1833
=FIN  \\$aY$d20130610
=LAS  \\$aW2011-1472$b00$c20201127$lBLL01$h1833

