=LDR  01911 gm a2200445uu 4500
=001  016428569
=003  Uk
=005  20201127183331.0
=008  100813s2000\\\\xx\|||\|||||||||||mleng\d
=FMT  \\$a  VM
=035  \\$aASP765284/ant1
=245  00$aSubtango, The Spirit of Tango
=260  \\$aWatertown, MA$bDocumentary Educational Resources (DER)$c2000
=306  \\$a59 minutes
=490  0\$aEthnographic Video Online, Volume 1
=505  00$aEven after a century of history, after enshrinement as the national music, after rampant commercialization and packaging for export, the tango still speaks to the Argentine soul. Subtango shows how tango music, dance, art and poetry are an essential part of the emotional expression of all Argentinians.
=546  \\$aIn Spanish, Subtitles in English
=650  04$aArgentine
=650  \4$aMusic
=650  \4$aCultural identity
=650  \4$aSocial dances
=650  \4$aEthnomusicology
=700  1\$aVaccaro, Sofia.$4pro
=700  1\$aVaccaro, Sofia.$4aut
=700  1\$aVaccaro, Sofia.$4drt
=700  1\$aNine, Carlos$4oth
=773  0\$dWatertown, MA : Documentary Educational Resources (DER), 2000
=856  40$uhttp://www.aspresolver.com/aspresolver.asp?ANTH;765284$yAlexander Street Press Ethnographic Video Online
=859  \\$aORR$bAlexander Street Press
=883  0\$aLanguage codes assigned by Bayesian analysis of words present in record$d20201028$qUk$c0.9010
=985  \\$aUpgraded by BSS-generated file for WR2011-1472
=CAT  \\$aWR13_071$b00$c20130610$lBLL01$h1613
=CAT  \\$aBATCH$b00$c20130610$lBLL01$h1613
=CAT  \\$aWR16_088$c20160606$lBLL01$h1632
=CAT  \\$aBATCH-UPD$b00$c20160606$lBLL01$h1636
=CAT  \\$aW1610-0368$c20161006$lBLL01$h0938
=CAT  \\$aW1606-1753$c20171028$lBLL01$h1352
=CAT  \\$aW2011-1472$b00$c20201127$lBLL01$h1833
=FIN  \\$aY$d20130610
=LAS  \\$aW2011-1472$b00$c20201127$lBLL01$h1833

