=LDR  02051 gm a2200469uu 4500
=001  016428570
=003  Uk
=005  20201127183331.0
=008  100813s2004\\\\xx\|||\|||||||||||mleng\d
=FMT  \\$a  VM
=035  \\$aASP765286/ant1
=245  00$aSuckerfish
=260  \\$aWatertown, MA$bDocumentary Educational Resources (DER)$c2004
=306  \\$a8 minutes
=490  0\$aEthnographic Video Online, Volume 1
=505  00$aWhen she was ten, Lisa Jackson fled Toronto to live with relatives in Vancouver to escape her mother's depression, alcoholism and perscription drug abuse - legacies of the residential school experience that many indigenous North Americans were subjected to. Now, sifting through her memories and her mother's letters, she constructs a portrait of a mother whose drive to love her daughter triumphed over her demons of addiction.
=546  \\$aIn English
=650  04$aAmerican Indian
=650  \4$aFamily
=650  \4$aAddictions
=650  \4$aMothers
=650  \4$aChildhood
=650  \4$aCultural identity
=700  1\$aJackson, Lisa.$4pro
=700  1\$aJackson, Lisa.$4aut
=700  1\$aJackson, Lisa.$4drt
=700  1\$aJenkins, Kailey$4oth
=700  1\$aReese, Cleo$4oth
=773  0\$dWatertown, MA : Documentary Educational Resources (DER), 2004
=856  40$uhttp://www.aspresolver.com/aspresolver.asp?ANTH;765286$yAlexander Street Press Ethnographic Video Online
=859  \\$aORR$bAlexander Street Press
=883  0\$aLanguage codes assigned by Bayesian analysis of words present in record$d20201028$qUk$c0.9010
=985  \\$aUpgraded by BSS-generated file for WR2011-1472
=CAT  \\$aWR13_071$b00$c20130610$lBLL01$h1613
=CAT  \\$aBATCH$b00$c20130610$lBLL01$h1613
=CAT  \\$aBATCH-UPD$b00$c20150728$lBLL01$h2019
=CAT  \\$aWR16_088$c20160606$lBLL01$h1632
=CAT  \\$aW1610-0368$c20161006$lBLL01$h0938
=CAT  \\$aW1606-1753$c20171028$lBLL01$h1352
=CAT  \\$aW2011-1472$b00$c20201127$lBLL01$h1833
=FIN  \\$aY$d20130610
=LAS  \\$aW2011-1472$b00$c20201127$lBLL01$h1833

