=LDR  03019 gm a2200505uu 4500
=001  016428571
=003  Uk
=005  20201127183331.0
=008  100813s9999\\\\xx\|||\|||||||||||mleng\d
=FMT  \\$a  VM
=035  \\$aASP1689444/ant1
=245  00$aThe Sultan's Burden
=260  \\$aNew York, NY$bFilmakers Library
=306  \\$a48 minutes
=490  0\$aEthnographic Video Online, Volume 1
=505  00$aRecorded in 1992
=520  3\$aSultan Issa Maigari is the ruler of the northern Cameroon province of Adamawa, an area the size of England. Served by a liveried bodyguard of servants and slaves, he lives in an extraordinary thatched palace with his harem of wives and concubines and his thirty children. We are in a world of heraldry and magic, an ancient world fast disintegrating under the pressures of contemporary political forces. In 1992 the Sultan allowed anthropologist Lisbet Holtedahl, and award-winning director Jon Jerstad, to film his life. Never before had a traditional Islamic leader granted such access to a world that seems straight out of the Arabian Nights. We see the many problems besetting the Sultan, ranging from the threat of an armed rebellion among the peasant farmers, to his impossible task of justifying support for the national Christian goverment to his local Moslem subjects. His courtiers criticize his rule. His own Praise-Singer (surely the worst Praise Singer in Africa) contributes a bitter diatribe against the Sultan for his lack of generosity. The intrigues of the court are reminiscent of Shakespearean drama. Filmed as the first democratic elections in Cameroon were about to be held, The Sultan's Burden captures the myriad political and ethnic rivalries which occur all over Africa as it emerges from a colonial past.
=546  \\$aIn English, French, Subtitles in English
=650  04$aFula
=650  04$aCameroonian
=650  04$aMboum
=650  \4$aPolitical intrigue
=650  \4$aRebellions
=650  \4$aIslam
=650  \4$aRoyal courts
=650  \4$aMonarchs
=700  1\$aWhyte, Denis.$4pro
=700  1\$aHoltedahl, Lisbet.$4aut
=700  1\$aHoltedahl, Lisbet.$4drt
=700  1\$aJerstad, Jon.$4drt
=700  1\$aMaigari, Issa$4oth
=773  0\$dNew York, NY : Filmakers Library
=856  40$uhttp://www.aspresolver.com/aspresolver.asp?ANTH;1689444$yAlexander Street Press Ethnographic Video Online
=859  \\$aORR$bAlexander Street Press
=883  0\$aLanguage codes assigned by Bayesian analysis of words present in record$d20201028$qUk$c0.9010
=985  \\$aUpgraded by BSS-generated file for WR2011-1472
=CAT  \\$aWR13_071$b00$c20130610$lBLL01$h1613
=CAT  \\$aBATCH$b00$c20130610$lBLL01$h1613
=CAT  \\$aWR16_088$c20160606$lBLL01$h1632
=CAT  \\$aBATCH-UPD$b00$c20160606$lBLL01$h1636
=CAT  \\$aW1610-0368$c20161006$lBLL01$h0938
=CAT  \\$aW1606-1753$c20171028$lBLL01$h1352
=CAT  \\$aW2011-1472$b00$c20201127$lBLL01$h1833
=FIN  \\$aY$d20130610
=LAS  \\$aW2011-1472$b00$c20201127$lBLL01$h1833

