=LDR  01920 gm a2200445uu 4500
=001  016428572
=003  Uk
=005  20201127183331.0
=008  100813s9999\\\\xx\|||\|||||||||||mleng\d
=FMT  \\$a  VM
=035  \\$aASP1879552/ant1
=245  00$aSunderbans, The Honey Or The Tiger
=260  \\$aParis, France$bZED
=306  \\$a31 minutes
=490  0\$aEthnographic Video Online, Volume 1
=505  00$aSunderbans ("Beautiful Forest" in Bengali) is located a hundred kilometers south of Calcutta in western Bengal. It is a strange land of murky waters and forests teeming with wildlife.In order to gather the wild honey of the giant bees coming from the Himalayas, the men must first pay homage to the gods of the forest, and more importantly, they must avoid running into the master of the woods - the dreaded man-eating tiger!
=546  \\$aIn English
=650  04$aRaji
=650  04$aBengali
=650  \4$aSpirituality
=650  \4$aCultural identity
=650  \4$aForests
=650  \4$aWild cats
=700  1\$aCatteau, Manuel$4pro
=700  1\$aLelièvre, Olivier.$4drt
=700  1\$aBaylet, Claude$4nrt
=773  0\$dParis, France : ZED
=856  40$uhttp://www.aspresolver.com/aspresolver.asp?ANTH;1879552$yAlexander Street Press Ethnographic Video Online
=859  \\$aORR$bAlexander Street Press
=883  0\$aLanguage codes assigned by Bayesian analysis of words present in record$d20201028$qUk$c0.9010
=985  \\$aUpgraded by BSS-generated file for WR2011-1472
=CAT  \\$aWR13_071$b00$c20130610$lBLL01$h1613
=CAT  \\$aBATCH$b00$c20130610$lBLL01$h1613
=CAT  \\$aWR16_088$c20160606$lBLL01$h1632
=CAT  \\$aBATCH-UPD$b00$c20160606$lBLL01$h1636
=CAT  \\$aW1610-0368$c20161006$lBLL01$h0938
=CAT  \\$aW1606-1753$c20171028$lBLL01$h1352
=CAT  \\$aW2011-1472$b00$c20201127$lBLL01$h1833
=FIN  \\$aY$d20130610
=LAS  \\$aW2011-1472$b00$c20201127$lBLL01$h1833

