=LDR  01968 gm a2200481uu 4500
=001  016428573
=003  Uk
=005  20201127183331.0
=008  100813s1994\\\\xx\|||\|||||||||||mleng\d
=FMT  \\$a  VM
=035  \\$aASP765464/ant1
=245  00$aThe Sunrise Dance
=260  \\$aWatertown, MA$bDocumentary Educational Resources (DER)$c1994
=306  \\$a28 minutes
=490  0\$aEthnographic Video Online, Volume 1
=505  00$aThis documentary shows an ancient, sacred Apache ritual that has never before been filmed. The Sunrise Ceremony, which marks the passage from adolescence to adulthood for young Apache women, is disappearing under the pressures of cultural assimilation.
=546  \\$aIn English
=650  04$aApache
=650  \4$aReligious rites and ceremonies
=650  \4$aTribal and national groups
=650  \4$aWomen
=650  \4$aCultural identity
=650  \4$aAdolescence
=700  1\$aNorelli, Gianfranco.$4aut
=700  1\$aNorelli, Gianfranco.$4drt
=700  1\$aNachu, Maureen$4oth
=700  1\$aThomas, Phoebe$4oth
=700  1\$aThomas, Tommy.$4oth
=700  1\$aNorelli, Gianfranco.$4nrt
=773  0\$dWatertown, MA : Documentary Educational Resources (DER), 1994
=856  40$uhttp://www.aspresolver.com/aspresolver.asp?ANTH;765464$yAlexander Street Press Ethnographic Video Online
=859  \\$aORR$bAlexander Street Press
=883  0\$aLanguage codes assigned by Bayesian analysis of words present in record$d20201028$qUk$c0.9010
=985  \\$aUpgraded by BSS-generated file for WR2011-1472
=CAT  \\$aWR13_071$b00$c20130610$lBLL01$h1613
=CAT  \\$aBATCH$b00$c20130610$lBLL01$h1613
=CAT  \\$aWR16_088$c20160606$lBLL01$h1632
=CAT  \\$aBATCH-UPD$b00$c20160606$lBLL01$h1636
=CAT  \\$aW1610-0368$c20161006$lBLL01$h0938
=CAT  \\$aW1606-1753$c20171028$lBLL01$h1352
=CAT  \\$aW2011-1472$b00$c20201127$lBLL01$h1833
=FIN  \\$aY$d20130610
=LAS  \\$aW2011-1472$b00$c20201127$lBLL01$h1833

