=LDR  02516 gm a2200445uu 4500
=001  016428574
=003  Uk
=005  20201127183331.0
=008  100813s1995\\\\xx\|||\|||||||||||mleng\d
=FMT  \\$a  VM
=035  \\$aASP1785014/ant1
=245  00$aThe Sunrise Dance
=260  \\$aNew York, NY$bFilmakers Library$c1995
=306  \\$a28 minutes
=490  0\$aEthnographic Video Online, Volume 1
=520  3\$aThis unique and highly visual documentary shows an ancient, sacred Apache ceremony that has never before been filmed. The Sunrise Ceremony which marks the passage from adolescence to adulthood for young Apache women, is disappearing under the pressure of cultural assimilation. This documentary focuses on 13-year-old Maureen Nachu, who lives on the Fort Apache Reservation, in Whiteriver, Arizona.It captures the elaborate preparations for the ceremony: the mystical rituals of the Medicine Man who presides over the dance, the spiritual purification rites in the "Sweat Lodge," and the secret midnight appearance of the "Crown Dancers." The Sunrise Dance is a tremendous physical test, lasting three days. It proves that Maureen has the courage and strength of character to take her place in adult society. For Maureen, her family and her community, the dance is a reaffirmation of tribal identity and the celebration of the role of women in Apache society.
=546  \\$aIn English
=650  04$aApache
=650  \4$aFolklore
=650  \4$aWomen
=650  \4$aReligious rites and ceremonies
=650  \4$aTribal and national groups
=650  \4$aCultural identity
=650  \4$aCultural assimilation
=700  1\$aNorelli, Gianfranco.$4pro
=700  1\$aNorelli, Gianfranco.$4drt
=773  0\$dNew York, NY : Filmakers Library, 1995
=856  40$uhttp://www.aspresolver.com/aspresolver.asp?ANTH;1785014$yAlexander Street Press Ethnographic Video Online
=859  \\$aORR$bAlexander Street Press
=883  0\$aLanguage codes assigned by Bayesian analysis of words present in record$d20201028$qUk$c0.9010
=985  \\$aUpgraded by BSS-generated file for WR2011-1472
=CAT  \\$aWR13_071$b00$c20130610$lBLL01$h1613
=CAT  \\$aBATCH$b00$c20130610$lBLL01$h1613
=CAT  \\$aWR16_088$c20160606$lBLL01$h1632
=CAT  \\$aBATCH-UPD$b00$c20160606$lBLL01$h1636
=CAT  \\$aW1610-0368$c20161006$lBLL01$h0938
=CAT  \\$aW1606-1753$c20171028$lBLL01$h1352
=CAT  \\$aW2011-1472$b00$c20201127$lBLL01$h1833
=FIN  \\$aY$d20130610
=LAS  \\$aW2011-1472$b00$c20201127$lBLL01$h1833

