=LDR  02177 gm a2200517uu 4500
=001  016428575
=003  Uk
=005  20201127183331.0
=008  100813s1999\\\\xx\|||\|||||||||||mleng\d
=FMT  \\$a  VM
=035  \\$aASP765288/ant1
=245  00$aSuper Chief
=260  \\$aWatertown, MA$bDocumentary Educational Resources (DER)$c1999
=306  \\$a75 minutes
=490  0\$aEthnographic Video Online, Volume 1
=505  00$ahis documentary is about a campaign and election for a new tribal chairman of the White Earth Ojibwe Reservation.By 1996, millions of dollars that had come through the new casino on the White Earth Reservation seemed to stop at the tribal chairman's desk. The self-proclaimed "Super Chief", Darryl "Chip" Wadnea had been tribal chairman for the past 20 years.
=546  \\$aIn English
=650  04$aOjibwe
=650  \4$aTribal and national groups
=650  \4$aVoter fraud
=650  \4$aPolitical corruption
=650  \4$aGambling
=650  \4$aElection campaigns
=650  \4$aIndian reservations
=700  1\$aKurzon, Nicholas.$4pro
=700  1\$aKurzon, Nicholas.$4aut
=700  1\$aKurzon, Nicholas.$4drt
=700  1\$aBellanger, Lowell$4oth
=700  1\$aMcArthur, Bugger$4oth
=700  1\$aVizenor, Erma$4oth
=700  1\$aWadena, Darrell "Chip"$4oth
=700  1\$aKurzon, Nicholas.$4nrt
=773  0\$dWatertown, MA : Documentary Educational Resources (DER), 1999
=856  40$uhttp://www.aspresolver.com/aspresolver.asp?ANTH;765288$yAlexander Street Press Ethnographic Video Online
=859  \\$aORR$bAlexander Street Press
=883  0\$aLanguage codes assigned by Bayesian analysis of words present in record$d20201028$qUk$c0.9010
=985  \\$aUpgraded by BSS-generated file for WR2011-1472
=CAT  \\$aWR13_071$b00$c20130610$lBLL01$h1613
=CAT  \\$aBATCH$b00$c20130610$lBLL01$h1613
=CAT  \\$aWR16_088$c20160606$lBLL01$h1632
=CAT  \\$aBATCH-UPD$b00$c20160606$lBLL01$h1636
=CAT  \\$aW1610-0368$c20161006$lBLL01$h0938
=CAT  \\$aW1606-1753$c20171028$lBLL01$h1352
=CAT  \\$aW2011-1472$b00$c20201127$lBLL01$h1833
=FIN  \\$aY$d20130610
=LAS  \\$aW2011-1472$b00$c20201127$lBLL01$h1833

