=LDR  02046 gm a2200445uu 4500
=001  016428576
=003  Uk
=005  20201127183331.0
=008  100813s2005\\\\xx\|||\|||||||||||mleng\d
=FMT  \\$a  VM
=035  \\$aASP765290/ant1
=245  00$aSurviving Chau
=260  \\$aWatertown, MA$bDocumentary Educational Resources (DER)$c2005
=306  \\$a50 minutes
=490  0\$aEthnographic Video Online, Volume 1
=505  00$aThis documentary maps the evolution of the ancient ethnic dance form of Chhau - an athletic dance of India done by men in masks - from an anthropological and sociological perspective. In addition to following the details of the entire 'behind-the-scenes' artistry, the film also interviews one of the Ustad dancers (leader of the Chhau group) and observes the artists and performers in rehearsal and during the heated discussions which follow.
=546  \\$aIn Bengali, Subtitles in English
=650  04$aIndian
=650  \4$aSocial dances
=650  \4$aGender roles
=650  \4$aCostumes
=650  \4$aCultural identity
=700  1\$aBhaumik, Mainak.$4aut
=700  1\$aBhaumik, Mainak.$4drt
=700  1\$aMahatar, Dhanonjoy$4oth
=700  1\$aRay, Subodh Basu$4oth
=773  0\$dWatertown, MA : Documentary Educational Resources (DER), 2005
=856  40$uhttp://www.aspresolver.com/aspresolver.asp?ANTH;765290$yAlexander Street Press Ethnographic Video Online
=859  \\$aORR$bAlexander Street Press
=883  0\$aLanguage codes assigned by Bayesian analysis of words present in record$d20201028$qUk$c0.9010
=985  \\$aUpgraded by BSS-generated file for WR2011-1472
=CAT  \\$aWR13_071$b00$c20130610$lBLL01$h1613
=CAT  \\$aBATCH$b00$c20130610$lBLL01$h1613
=CAT  \\$aWR16_088$c20160606$lBLL01$h1632
=CAT  \\$aBATCH-UPD$b00$c20160606$lBLL01$h1636
=CAT  \\$aW1610-0368$c20161006$lBLL01$h0938
=CAT  \\$aW1606-1753$c20171028$lBLL01$h1352
=CAT  \\$aW2011-1472$b00$c20201127$lBLL01$h1833
=FIN  \\$aY$d20130610
=LAS  \\$aW2011-1472$b00$c20201127$lBLL01$h1833

