=LDR  02131 gm a2200469uu 4500
=001  016428577
=003  Uk
=005  20201127183331.0
=008  100813s2008\\\\xx\|||\|||||||||||mleng\d
=FMT  \\$a  VM
=035  \\$aASP765466/ant1
=245  00$aThe Swahili Beat: An Introduction to the History of the East African Coast
=260  \\$aWatertown, MA$bDocumentary Educational Resources (DER)$c2008
=306  \\$a27 minutes
=490  0\$aEthnographic Video Online, Volume 1
=505  00$aThe Swahili Beat is an upbeat look at the remarkable history of the Swahili people of Kenya and Tanzania's East African coast. Packed with the music and dance of its indigenous peoples, the film takes viewers along the coast from the fabled island of Lamu to Zanzibar, Mombasa, Kilwa, Bagamoyo and Dar es Salaam, tracing the development of the Swahili culture through the intermarriage of Arab settlers, arriving from Oman in the 8th century, with local Africans.
=546  \\$aIn English
=650  04$aSwahili
=650  \4$aMusic
=650  \4$aDance
=650  \4$aTrade
=650  \4$aSlave trade
=650  \4$aCultural change and history
=650  \4$aColonialism
=650  \4$aCultural identity
=700  1\$aMann, Kenny.$4pro
=700  1\$aMann, Kenny.$4aut
=700  1\$aMann, Kenny.$4drt
=773  0\$dWatertown, MA : Documentary Educational Resources (DER), 2008
=856  40$uhttp://www.aspresolver.com/aspresolver.asp?ANTH;765466$yAlexander Street Press Ethnographic Video Online
=859  \\$aORR$bAlexander Street Press
=883  0\$aLanguage codes assigned by Bayesian analysis of words present in record$d20201028$qUk$c0.9010
=985  \\$aUpgraded by BSS-generated file for WR2011-1472
=CAT  \\$aWR13_071$b00$c20130610$lBLL01$h1613
=CAT  \\$aBATCH$b00$c20130610$lBLL01$h1613
=CAT  \\$aBATCH-UPD$b00$c20141214$lBLL01$h2357
=CAT  \\$aWR16_088$c20160606$lBLL01$h1632
=CAT  \\$aW1610-0368$c20161006$lBLL01$h0938
=CAT  \\$aW1606-1753$c20171028$lBLL01$h1352
=CAT  \\$aW2011-1472$b00$c20201127$lBLL01$h1833
=FIN  \\$aY$d20130610
=LAS  \\$aW2011-1472$b00$c20201127$lBLL01$h1833

