=LDR  02043 gm a2200505uu 4500
=001  016428578
=003  Uk
=005  20201127183331.0
=008  100813s1994\\\\xx\|||\|||||||||||mleng\d
=FMT  \\$a  VM
=035  \\$aASP765292/ant1
=245  00$aSweating Indian Style: Conflicts Over Native American Ritual
=260  \\$aWatertown, MA$bDocumentary Educational Resources (DER)$c1994
=306  \\$a57 minutes
=490  0\$aEthnographic Video Online, Volume 1
=505  00$aThis documentary is about a group of non-Native women's search for self in "other". The focus is on a specific group of New Age women in Ojai, California who construct a new sweat lodge and perform their own ceremony.
=546  \\$aIn English
=650  04$aAmerican Indian
=650  \4$aCultural assimilation
=650  \4$aReligious rites and ceremonies
=650  \4$aSpirituality
=650  \4$aCultural identity
=700  1\$aGrounds, Richard$4pro
=700  1\$aSmith, Susan.$4pro
=700  1\$aSmith, Susan.$4aut
=700  1\$aSmith, Susan.$4drt
=700  1\$aArchambault, JoAllyn$4oth
=700  1\$aGeorge, Anita Anquoe$4oth
=700  1\$aGreen, Rayna.$4oth
=700  1\$aKathryn$4oth
=700  1\$aLaima$4oth
=773  0\$dWatertown, MA : Documentary Educational Resources (DER), 1994
=856  40$uhttp://www.aspresolver.com/aspresolver.asp?ANTH;765292$yAlexander Street Press Ethnographic Video Online
=859  \\$aORR$bAlexander Street Press
=883  0\$aLanguage codes assigned by Bayesian analysis of words present in record$d20201028$qUk$c0.9010
=985  \\$aUpgraded by BSS-generated file for WR2011-1472
=CAT  \\$aWR13_071$b00$c20130610$lBLL01$h1613
=CAT  \\$aBATCH$b00$c20130610$lBLL01$h1613
=CAT  \\$aWR16_088$c20160606$lBLL01$h1632
=CAT  \\$aBATCH-UPD$b00$c20160606$lBLL01$h1636
=CAT  \\$aW1610-0368$c20161006$lBLL01$h0938
=CAT  \\$aW1606-1753$c20171028$lBLL01$h1352
=CAT  \\$aW2011-1472$b00$c20201127$lBLL01$h1833
=FIN  \\$aY$d20130610
=LAS  \\$aW2011-1472$b00$c20201127$lBLL01$h1833

