=LDR  02101 gm a2200517uu 4500
=001  016428579
=003  Uk
=005  20201127183331.0
=008  100813s1995\\\\xx\|||\|||||||||||mleng\d
=FMT  \\$a  VM
=035  \\$aASP765294/ant1
=245  00$aSweet Sorghum
=260  \\$aWatertown, MA$bDocumentary Educational Resources (DER)$c1995
=306  \\$a32 minutes
=490  0\$aEthnographic Video Online, Volume 1
=505  00$aIn Sweet Sorghum we are introduced to the filmmaker's daughter, Rosie, (now in her early twenties) as she reflects on her childhood spent among the Hamar herdsmen, an isolated people of southwestern Ethiopia. The film reveals the intimacy of shared family life and childhood relationships between the Hamar, Rosie and her brother.
=546  \\$aIn English
=650  04$aHammere
=650  \4$aFriends
=650  \4$aTribal and national groups
=650  \4$aDaily life
=650  \4$aFood preparation
=650  \4$aFlour
=650  \4$aFood crops
=700  1\$aHusmann, Rolf.$4pro
=700  1\$aLydall, Jean.$4aut
=700  1\$aStrecker, Ivo$4aut
=700  1\$aStrecker, Kaira.$4aut
=700  1\$aLydall, Jean.$4drt
=700  1\$aStrecker, Ivo$4drt
=700  1\$aStrecker, Kaira.$4drt
=700  1\$aStrecker, Kaira.$4nrt
=773  0\$dWatertown, MA : Documentary Educational Resources (DER), 1995
=856  40$uhttp://www.aspresolver.com/aspresolver.asp?ANTH;765294$yAlexander Street Press Ethnographic Video Online
=859  \\$aORR$bAlexander Street Press
=883  0\$aLanguage codes assigned by Bayesian analysis of words present in record$d20201028$qUk$c0.9010
=985  \\$aUpgraded by BSS-generated file for WR2011-1472
=CAT  \\$aWR13_071$b00$c20130610$lBLL01$h1613
=CAT  \\$aBATCH$b00$c20130610$lBLL01$h1613
=CAT  \\$aWR16_088$c20160606$lBLL01$h1632
=CAT  \\$aBATCH-UPD$b00$c20160606$lBLL01$h1636
=CAT  \\$aW1610-0368$c20161006$lBLL01$h0938
=CAT  \\$aW1606-1753$c20171028$lBLL01$h1352
=CAT  \\$aW2011-1472$b00$c20201127$lBLL01$h1833
=FIN  \\$aY$d20130610
=LAS  \\$aW2011-1472$b00$c20201127$lBLL01$h1833

