=LDR  01776 gm a2200397uu 4500
=001  016428580
=003  Uk
=005  20201127183331.0
=008  100813s1975\\\\xx\|||\|||||||||||mleng\d
=FMT  \\$a  VM
=035  \\$aASP765296/ant1
=245  00$aSwiss Graffiti
=260  \\$aWatertown, MA$bDocumentary Educational Resources (DER)$c1975
=306  \\$a6 minutes
=490  0\$aEthnographic Video Online, Volume 1
=505  00$aAn animated cartoon about the Creation myth reviewed and corrected by two women. God the magician has decided to create a paradise: Switzerland. He covers it with trees and cows, until Adam is born. After exploring his paradise, Adam creates Eve from one of his ribs. Man is shown as an erect penis, woman by a limbless trunk.
=546  \\$aIn English, French
=650  04$aSwiss
=650  \4$aFeminism
=650  \4$aMyths and legends
=700  1\$aVeuve, Jacqueline.$4aut
=700  1\$aVeuve, Jacqueline.$4drt
=773  0\$dWatertown, MA : Documentary Educational Resources (DER), 1975
=856  40$uhttp://www.aspresolver.com/aspresolver.asp?ANTH;765296$yAlexander Street Press Ethnographic Video Online
=859  \\$aORR$bAlexander Street Press
=883  0\$aLanguage codes assigned by Bayesian analysis of words present in record$d20201028$qUk$c0.9010
=985  \\$aUpgraded by BSS-generated file for WR2011-1472
=CAT  \\$aWR13_071$b00$c20130610$lBLL01$h1613
=CAT  \\$aBATCH$b00$c20130610$lBLL01$h1613
=CAT  \\$aWR16_088$c20160606$lBLL01$h1632
=CAT  \\$aBATCH-UPD$b00$c20160606$lBLL01$h1636
=CAT  \\$aW1610-0368$c20161006$lBLL01$h0938
=CAT  \\$aW1606-1753$c20171028$lBLL01$h1352
=CAT  \\$aW2011-1472$b00$c20201127$lBLL01$h1833
=FIN  \\$aY$d20130610
=LAS  \\$aW2011-1472$b00$c20201127$lBLL01$h1833

