=LDR  02140 gm a2200433uu 4500
=001  016428581
=003  Uk
=005  20201127183331.0
=008  100813s9999\\\\xx\|||\|||||||||||mleng\d
=FMT  \\$a  VM
=035  \\$aASP1879538/ant1
=245  00$aTa Peshala
=260  \\$aParis, France$bZED
=306  \\$a26 minutes
=490  0\$aEthnographic Video Online, Volume 1
=505  00$aAn old Mustang tradition says that a boy without a horse is not a man. Kami is a young Mustangi from the Jomsom region of Nepal, who is getting ready for the great race of Dzar.Kami and his entire family cross the Mustang mountains every year in the pleasant August weather. Their destination is Dzar, where the great horsemen's festival is held to pay the tribute to the defenders of Tibet, the proud Campas warriors.Mustang horses are thoroughbreds with tremendous breathing capacity and incredible endurance. They survive in altitudes of more than 4,000 meters, and are accustomed to the high mountains. For the big race, the riders consult the horse healers, a wise and highly respected caste.
=546  \\$aIn English
=650  04$aMustang
=650  \4$aHerbalism
=650  \4$aPersonal finances
=650  \4$aTribal and national groups
=650  \4$aCultural identity
=650  \4$aHorses
=700  1\$aCatteau, Manuel$4pro
=700  1\$aGrémillon, Vincent$4drt
=700  1\$aWenger, Allan$4nrt
=773  0\$dParis, France : ZED
=856  40$uhttp://www.aspresolver.com/aspresolver.asp?ANTH;1879538$yAlexander Street Press Ethnographic Video Online
=859  \\$aORR$bAlexander Street Press
=883  0\$aLanguage codes assigned by Bayesian analysis of words present in record$d20201028$qUk$c0.9010
=985  \\$aUpgraded by BSS-generated file for WR2011-1472
=CAT  \\$aWR13_071$b00$c20130610$lBLL01$h1613
=CAT  \\$aBATCH$b00$c20130610$lBLL01$h1613
=CAT  \\$aWR16_088$c20160606$lBLL01$h1632
=CAT  \\$aW1610-0368$c20161006$lBLL01$h0938
=CAT  \\$aW1606-1753$c20171028$lBLL01$h1352
=CAT  \\$aW2011-1472$b00$c20201127$lBLL01$h1833
=FIN  \\$aY$d20130610
=LAS  \\$aW2011-1472$b00$c20201127$lBLL01$h1833

