=LDR  03084 gm a2200469uu 4500
=001  016428582
=003  Uk
=005  20201127183331.0
=008  100813s9999\\\\xx\|||\|||||||||||mleng\d
=FMT  \\$a  VM
=035  \\$aASP1689409/ant1
=245  00$aTaigana: The Last Reindeer People in Mongolia
=260  \\$aNew York, NY$bFilmakers Library
=306  \\$a17 minutes
=490  0\$aEthnographic Video Online, Volume 1
=505  00$aThis fascinating film depicts the Taigana, an unusual tribe of nomads living in the mountainous Hovsgol region of Mongolia, near the Siberian border. Nomadism has deep spiritual meaning for the Taigana; their annual migration represents the cyclical nature of life to them and has profound sacred meanings. All their activities are dictated by the world of the spirits. They believe the valleys and mountains are inhabited by their forefathers and by the Supreme Divinity.The Taigana are entirely dependent on their reindeer. They use the sturdy animals to move along the same paths their ancestors did for hundreds of years. Each family owns ten to seventy reindeer which provide most of the diet of the Taigana. The meat is dried and preserved while the milk is used for drinking and making cheese. The skin is utilized to make clothing for the extremely cold winter. Unfortunately, in the mid-nineties the Mongolian government restricted theTaigana's movements with disastrous consequences. The tribe had to remain too long in their camps. As a result, reindeer waste increased, many reindeer sickened and died and forty per cent of the tribe contracted? gastroenterological illness and diseases of the joints. The tribe wrote a desperate letter to international aid organizations protesting their conditions and help was sent by International Crossroads and the Mongolian Red Cross. Their struggles continue to this day.
=546  \\$aIn English
=650  04$aTaigana
=650  \4$aDivision of labor
=650  \4$aCaribou
=650  \4$aCultural identity
=650  \4$aTribal and national groups
=700  1\$aBellatalla, David.$4pro
=700  1\$aDe Toffol, Dino.$4pro
=700  1\$aBellatalla, David.$4aut
=700  1\$aDe Toffol, Dino.$4aut
=700  1\$aPeters, Marc.$4nrt
=773  0\$dNew York, NY : Filmakers Library
=856  40$uhttp://www.aspresolver.com/aspresolver.asp?ANTH;1689409$yAlexander Street Press Ethnographic Video Online
=859  \\$aORR$bAlexander Street Press
=883  0\$aLanguage codes assigned by Bayesian analysis of words present in record$d20201028$qUk$c0.9010
=985  \\$aUpgraded by BSS-generated file for WR2011-1472
=CAT  \\$aWR13_071$b00$c20130610$lBLL01$h1613
=CAT  \\$aBATCH$b00$c20130610$lBLL01$h1613
=CAT  \\$aBATCH-UPD$b00$c20130610$lBLL01$h1622
=CAT  \\$aWR16_088$c20160606$lBLL01$h1632
=CAT  \\$aBATCH-UPD$b00$c20160606$lBLL01$h1636
=CAT  \\$aW1610-0368$c20161006$lBLL01$h0938
=CAT  \\$aW1606-1753$c20171028$lBLL01$h1352
=CAT  \\$aW2011-1472$b00$c20201127$lBLL01$h1833
=FIN  \\$aY$d20130610
=LAS  \\$aW2011-1472$b00$c20201127$lBLL01$h1833

