=LDR  01853 gm a2200493uu 4500
=001  016428583
=003  Uk
=005  20201127183331.0
=008  100813s1974\\\\xx\|||\|||||||||||mleng\d
=FMT  \\$a  VM
=035  \\$aASP764354/ant1
=245  00$aTaiwan: A Chinese Farm Wife
=260  \\$aWatertown, MA$bDocumentary Educational Resources (DER)$c1974
=306  \\$a17 minutes
=490  0\$aEthnographic Video Online, Volume 1
=505  00$aA Chinese Farm Wife gives us a peek into the life of Mrs. Li, a Taiwanese woman whose husband is a salaried factory worker.
=546  \\$aIn English
=650  04$aTaiwanese
=650  \4$aEconomics
=650  \4$aAgriculture
=650  \4$aGender
=650  \4$aDivision of labor
=650  \4$aCultural change and history
=700  1\$aMiller, Norman.$4pro
=700  1\$aChen, Richard Yao-Chi$4aut
=700  1\$aChen, Richard Yao-Chi$4drt
=700  1\$aDiamond, Norma.$4drt
=700  1\$aTsai, Frank$4drt
=700  1\$aLi, Mrs.$4oth
=700  1\$aLi, Su-Li$4oth
=773  0\$dWatertown, MA : Documentary Educational Resources (DER), 1974
=856  40$uhttp://www.aspresolver.com/aspresolver.asp?ANTH;764354$yAlexander Street Press Ethnographic Video Online
=859  \\$aORR$bAlexander Street Press
=883  0\$aLanguage codes assigned by Bayesian analysis of words present in record$d20201028$qUk$c0.9010
=985  \\$aUpgraded by BSS-generated file for WR2011-1472
=CAT  \\$aWR13_071$b00$c20130610$lBLL01$h1613
=CAT  \\$aBATCH$b00$c20130610$lBLL01$h1613
=CAT  \\$aWR16_088$c20160606$lBLL01$h1632
=CAT  \\$aBATCH-UPD$b00$c20160606$lBLL01$h1636
=CAT  \\$aW1610-0368$c20161006$lBLL01$h0938
=CAT  \\$aW1606-1753$c20171028$lBLL01$h1352
=CAT  \\$aW2011-1472$b00$c20201127$lBLL01$h1833
=FIN  \\$aY$d20130610
=LAS  \\$aW2011-1472$b00$c20201127$lBLL01$h1833

