=LDR  02102 gm a2200553uu 4500
=001  016428584
=003  Uk
=005  20201127183331.0
=008  100813s1974\\\\xx\|||\|||||||||||mleng\d
=FMT  \\$a  VM
=035  \\$aASP765070/ant1
=245  00$aTaiwan: People Are Many, Fields Are Small
=260  \\$aWatertown, MA$bDocumentary Educational Resources (DER)$c1974
=306  \\$a32 minutes
=490  0\$aEthnographic Video Online, Volume 1
=505  00$aThree farm families, engaged in Taiwan's long summer two-crop rice cycle, compare their lives to those of industrial laborers. Both pride and anger are expressed concerning conditions of a farm life.
=546  \\$aIn English
=650  04$aTaiwanese
=650  \4$aCultural change and history
=650  \4$aFarming
=650  \4$aEconomics
=650  \4$aRice
=650  \4$aAgriculture
=650  \4$aRural population
=700  1\$aMiller, Norman.$4pro
=700  1\$aChen, Richard Yao-Chi$4aut
=700  1\$aTsai, Frank$4aut
=700  1\$aChen, Richard Yao-Chi$4drt
=700  1\$aTsai, Frank$4drt
=700  1\$aHong, Si-Chung$4oth
=700  1\$aHong, Tsung-Ming$4oth
=700  1\$aHong, Tung-Hai$4oth
=700  1\$aLi, I-Chin$4oth
=700  1\$aLi, Mrs.$4oth
=700  1\$aLi, Su-Li$4oth
=773  0\$dWatertown, MA : Documentary Educational Resources (DER), 1974
=856  40$uhttp://www.aspresolver.com/aspresolver.asp?ANTH;765070$yAlexander Street Press Ethnographic Video Online
=859  \\$aORR$bAlexander Street Press
=883  0\$aLanguage codes assigned by Bayesian analysis of words present in record$d20201028$qUk$c0.9010
=985  \\$aUpgraded by BSS-generated file for WR2011-1472
=CAT  \\$aWR13_071$b00$c20130610$lBLL01$h1613
=CAT  \\$aBATCH$b00$c20130610$lBLL01$h1613
=CAT  \\$aWR16_088$c20160606$lBLL01$h1632
=CAT  \\$aBATCH-UPD$b00$c20160606$lBLL01$h1636
=CAT  \\$aW1610-0368$c20161006$lBLL01$h0938
=CAT  \\$aW1606-1753$c20171028$lBLL01$h1352
=CAT  \\$aW2011-1472$b00$c20201127$lBLL01$h1833
=FIN  \\$aY$d20130610
=LAS  \\$aW2011-1472$b00$c20201127$lBLL01$h1833

