=LDR  01911 gm a2200469uu 4500
=001  016428585
=003  Uk
=005  20201127183331.0
=008  100813s1974\\\\xx\|||\|||||||||||mleng\d
=FMT  \\$a  VM
=035  \\$aASP765446/ant1
=245  00$aTaiwan: The Rural Cooperative
=260  \\$aWatertown, MA$bDocumentary Educational Resources (DER)$c1974
=306  \\$a15 minutes
=490  0\$aEthnographic Video Online, Volume 1
=505  00$aThe Tsau Tun Farmers' Association typifies rural cooperatives in Taiwan. 9,600 families own the cooperatives and rely on it for services ranging from irrigation, provision of seeds, farm implements, and fertilizers to crop storage and marketing.
=546  \\$aIn English
=650  04$aTaiwanese
=650  \4$aCrops
=650  \4$aAgriculture
=650  \4$aFarmers
=650  \4$aRural population
=650  \4$aAssociations and organizations
=700  1\$aMiller, Norman.$4pro
=700  1\$aChen, Richard Yao-Chi$4aut
=700  1\$aTsai, Frank$4aut
=700  1\$aChen, Richard Yao-Chi$4drt
=700  1\$aTsai, Frank$4drt
=773  0\$dWatertown, MA : Documentary Educational Resources (DER), 1974
=856  40$uhttp://www.aspresolver.com/aspresolver.asp?ANTH;765446$yAlexander Street Press Ethnographic Video Online
=859  \\$aORR$bAlexander Street Press
=883  0\$aLanguage codes assigned by Bayesian analysis of words present in record$d20201028$qUk$c0.9010
=985  \\$aUpgraded by BSS-generated file for WR2011-1472
=CAT  \\$aWR13_071$b00$c20130610$lBLL01$h1613
=CAT  \\$aBATCH$b00$c20130610$lBLL01$h1613
=CAT  \\$aWR16_088$c20160606$lBLL01$h1632
=CAT  \\$aBATCH-UPD$b00$c20160606$lBLL01$h1636
=CAT  \\$aW1610-0368$c20161006$lBLL01$h0938
=CAT  \\$aW1606-1753$c20171028$lBLL01$h1352
=CAT  \\$aW2011-1472$b00$c20201127$lBLL01$h1833
=FIN  \\$aY$d20130610
=LAS  \\$aW2011-1472$b00$c20201127$lBLL01$h1833

