=LDR  01751 gm a2200433uu 4500
=001  016428587
=003  Uk
=005  20201127183331.0
=008  100813s1974\\\\xx\|||\|||||||||||mleng\d
=FMT  \\$a  VM
=035  \\$aASP765594/ant1
=245  00$aTaiwan: Wet Culture Rice
=260  \\$aWatertown, MA$bDocumentary Educational Resources (DER)$c1974
=306  \\$a17 minutes
=490  0\$aEthnographic Video Online, Volume 1
=505  00$aTaiwan's rice farmers rely less on mechanization than on human labor to produce and harvest two crops during the annual agricultural cycle. Their meticulous cultivation methods achieve the highest average yields per acre in the world.
=546  \\$aIn English
=650  04$aTaiwanese
=650  \4$aAgriculture
=650  \4$aRice
=650  \4$aFood crops
=650  \4$aFarming
=700  1\$aChen, Richard Yao-Chi$4aut
=700  1\$aTsai, Frank$4aut
=700  1\$aChen, Richard Yao-Chi$4drt
=700  1\$aTsai, Frank$4drt
=773  0\$dWatertown, MA : Documentary Educational Resources (DER), 1974
=856  40$uhttp://www.aspresolver.com/aspresolver.asp?ANTH;765594$yAlexander Street Press Ethnographic Video Online
=859  \\$aORR$bAlexander Street Press
=883  0\$aLanguage codes assigned by Bayesian analysis of words present in record$d20201028$qUk$c0.9010
=985  \\$aUpgraded by BSS-generated file for WR2011-1472
=CAT  \\$aWR13_071$b00$c20130610$lBLL01$h1613
=CAT  \\$aBATCH$b00$c20130610$lBLL01$h1613
=CAT  \\$aWR16_088$c20160606$lBLL01$h1632
=CAT  \\$aW1610-0368$c20161006$lBLL01$h0938
=CAT  \\$aW1606-1753$c20171028$lBLL01$h1352
=CAT  \\$aW2011-1472$b00$c20201127$lBLL01$h1833
=FIN  \\$aY$d20130610
=LAS  \\$aW2011-1472$b00$c20201127$lBLL01$h1833

