=LDR  02184 gm a2200505uu 4500
=001  016428588
=003  Uk
=005  20201127183331.0
=008  100813s1978\\\\xx\|||\|||||||||||mleng\d
=FMT  \\$a  VM
=035  \\$aASP765298/ant1
=245  00$aTajimoltik (Five Days Without Name)
=260  \\$aWatertown, MA$bDocumentary Educational Resources (DER)$c1978
=306  \\$a30 minutes
=490  0\$aEthnographic Video Online, Volume 1
=505  00$aThe Maya calendar consists of 18 months of 20 days each, or 360 days. The five remaining days, known as the "days without name," or Chaikin, are the days of Carnival. These days of transition, which coincide with the Catholic Holy Week, are thus filled with celebrations which combine elements from Spanish Catholicism with traditional rituals and cargo fiestas.
=546  \\$aIn English
=650  04$aMaya
=650  \4$aCultural change and history
=650  \4$aSpirituality
=650  \4$aTribal and national groups
=650  \4$aCultural assimilation
=650  \4$aCatholicism
=650  \4$aReligious festivals
=700  1\$aPayrastre, Georges.$4pro
=700  1\$aViallon, Claudine.$4pro
=700  1\$aPayrastre, Georges.$4aut
=700  1\$aViallon, Claudine.$4aut
=700  1\$aPayrastre, Georges.$4drt
=700  1\$aViallon, Claudine.$4drt
=700  1\$aToffaletto, Don$4nrt
=773  0\$dWatertown, MA : Documentary Educational Resources (DER), 1978
=856  40$uhttp://www.aspresolver.com/aspresolver.asp?ANTH;765298$yAlexander Street Press Ethnographic Video Online
=859  \\$aORR$bAlexander Street Press
=883  0\$aLanguage codes assigned by Bayesian analysis of words present in record$d20201028$qUk$c0.9010
=985  \\$aUpgraded by BSS-generated file for WR2011-1472
=CAT  \\$aWR13_071$b00$c20130610$lBLL01$h1613
=CAT  \\$aBATCH$b00$c20130610$lBLL01$h1613
=CAT  \\$aWR16_088$c20160606$lBLL01$h1632
=CAT  \\$aBATCH-UPD$b00$c20160606$lBLL01$h1636
=CAT  \\$aW1610-0368$c20161006$lBLL01$h0938
=CAT  \\$aW1606-1753$c20171028$lBLL01$h1352
=CAT  \\$aW2011-1472$b00$c20201127$lBLL01$h1833
=FIN  \\$aY$d20130610
=LAS  \\$aW2011-1472$b00$c20201127$lBLL01$h1833

