=LDR  02059 gm a2200481uu 4500
=001  016428589
=003  Uk
=005  20201127183331.0
=008  100813s2001\\\\xx\|||\|||||||||||mleng\d
=FMT  \\$a  VM
=035  \\$aASP765300/ant1
=245  00$aTaki Kudo, Shamanic Medium of Tsugaru
=260  \\$aWatertown, MA$bDocumentary Educational Resources (DER)$c2001
=306  \\$a78 minutes
=490  0\$aEthnographic Video Online, Volume 1
=505  00$aRecorded in 1997
=520  3\$aFilmed between 1991 and 1997, Taki Kudo, Shamanic Medium of Tsugaru documents the final years of the charismatic Ms. Taki Kudo, a medium, healer and fortune teller. Every year she comes to Japan's sacred Mt. Osorozan, home of the Akakura grand shrine, where the mediums draw chopsticks for the best places to set up their booths.
=546  \\$aIn Japanese, Subtitles in English
=650  04$aJapanese
=650  \4$aReligious rites and ceremonies
=650  \4$aCultural identity
=650  \4$aSpiritual healing
=650  \4$aAfterlife
=650  \4$aBuddhism
=650  \4$aShamanism
=700  1\$aŌmori, Yasuhiro.$4aut
=700  1\$aŌmori, Yasuhiro.$4drt
=700  1\$aKudo, Taki$4oth
=700  1\$aŌmori, Yasuhiro.$4oth
=773  0\$dWatertown, MA : Documentary Educational Resources (DER), 2001
=856  40$uhttp://www.aspresolver.com/aspresolver.asp?ANTH;765300$yAlexander Street Press Ethnographic Video Online
=859  \\$aORR$bAlexander Street Press
=883  0\$aLanguage codes assigned by Bayesian analysis of words present in record$d20201028$qUk$c0.9010
=985  \\$aUpgraded by BSS-generated file for WR2011-1472
=CAT  \\$aWR13_071$b00$c20130610$lBLL01$h1613
=CAT  \\$aBATCH$b00$c20130610$lBLL01$h1613
=CAT  \\$aBATCH-UPD$b00$c20130610$lBLL01$h1620
=CAT  \\$aWR16_088$c20160606$lBLL01$h1632
=CAT  \\$aW1610-0368$c20161006$lBLL01$h0938
=CAT  \\$aW1606-1753$c20171028$lBLL01$h1352
=CAT  \\$aW2011-1472$b00$c20201127$lBLL01$h1833
=FIN  \\$aY$d20130610
=LAS  \\$aW2011-1472$b00$c20201127$lBLL01$h1833

