=LDR  02550 gm a2200637uu 4500
=001  016428590
=003  Uk
=005  20201127183331.0
=008  100813s2001\\\\xx\|||\|||||||||||mleng\d
=FMT  \\$a  VM
=035  \\$aASP765302/ant1
=245  00$aTaking Pictures
=260  \\$aWatertown, MA$bDocumentary Educational Resources (DER)$c2001
=306  \\$a56 minutes
=490  0\$aEthnographic Video Online, Volume 1
=505  00$aAustralia's most internationally renowned documentarists (Kildea, O'Rourke, Connolly/Anderson) are part of a group of expatriates who honed their documentary filmcraft while residents of Papua New Guinea. Their films, brimming with wit and character, capture the energy and contradictions of a country in transition from a backward colony, to a young nation in the modern world.
=546  \\$aIn English
=650  04$aGaniga
=650  04$aBaruya
=650  04$aPapua New Guinean
=650  04$aAustralian
=650  \4$aEthics
=650  \4$aCultural identity
=650  \4$aEthnographic methodology
=650  \4$aTribal and national groups
=650  \4$aFilmmaking
=650  \4$aFilms and filmmaking careers
=700  1\$aMcLaren, Les.$4pro
=700  1\$aStiven, Annie.$4pro
=700  1\$aMcLaren, Les.$4aut
=700  1\$aStiven, Annie.$4aut
=700  1\$aMcLaren, Les.$4drt
=700  1\$aStiven, Annie.$4drt
=700  1\$aAnderson, Robin.$4oth
=700  1\$aConnolly, Bob.$4oth
=700  1\$aDunlop, Ian$4oth
=700  1\$aKildea, Gary.$4oth
=700  1\$aOwen, Chris.$4oth
=700  1\$aO'Rourke, Dennis.$4oth
=700  1\$aMcLaren, Les.$4nrt
=773  0\$dWatertown, MA : Documentary Educational Resources (DER), 2001
=856  40$uhttp://www.aspresolver.com/aspresolver.asp?ANTH;765302$yAlexander Street Press Ethnographic Video Online
=859  \\$aORR$bAlexander Street Press
=883  0\$aLanguage codes assigned by Bayesian analysis of words present in record$d20201028$qUk$c0.9010
=985  \\$aUpgraded by BSS-generated file for WR2011-1472
=CAT  \\$aWR13_071$b00$c20130610$lBLL01$h1613
=CAT  \\$aBATCH$b00$c20130610$lBLL01$h1613
=CAT  \\$aBATCH-UPD$b00$c20130610$lBLL01$h1622
=CAT  \\$aBATCH-UPD$b00$c20140927$lBLL01$h1711
=CAT  \\$aBATCH-UPD$b00$c20150427$lBLL01$h2025
=CAT  \\$aWR16_088$c20160606$lBLL01$h1632
=CAT  \\$aW1610-0368$c20161006$lBLL01$h0938
=CAT  \\$aW1606-1753$c20171028$lBLL01$h1352
=CAT  \\$aW2011-1472$b00$c20201127$lBLL01$h1833
=FIN  \\$aY$d20130610
=LAS  \\$aW2011-1472$b00$c20201127$lBLL01$h1833

