=LDR  02314 gm a2200577uu 4500
=001  016428591
=003  Uk
=005  20201127183331.0
=008  100813s9999\\\\xx\|||\|||||||||||mleng\d
=FMT  \\$a  VM
=035  \\$aASP1689483/ant1
=245  00$aTalk and More Talk
=260  \\$aTrinidad & Tobago, The Caribbean$bBanyan
=306  \\$a29 minutes
=490  0\$aEthnographic Video Online, Volume 1
=505  00$aMuch of Caribbean culture is oral. This video investigates oral "literature" in the region and includes the work of many of the Caribbean's best oral performers and "composers." It features Louise Bennett, Paul Keens-Douglas, Edward Brathwaite, Michael Smith, Mutabaruka, Jeannette Layne-Clarke, Bruce St. John, and Dennis "Sprangalang" Hall.
=546  \\$aIn English
=650  04$aCaribbean
=650  \4$aPoetry
=650  \4$aCultural identity
=650  \4$aLiterature
=650  \4$aFolklore
=650  \4$aStorytelling
=700  1\$aHall, Tony,$d1948-
=700  1\$aLaird, Christopher.$4pro
=700  1\$aPaddington, Bruce.$4pro
=700  1\$aCorsbie, Ken.$4aut
=700  1\$aLaird, Christopher.$4aut
=700  1\$aPaddington, Bruce.$4aut
=700  1\$aLaird, Christopher.$4drt
=700  1\$aPaddington, Bruce.$4drt
=700  1\$aBennett, Louise.$4oth
=700  1\$aBrathwaite, Kamau$4oth
=700  1\$aKeens-Douglas, Paul$4oth
=700  1\$aMutabaruka$4oth
=700  1\$aCorsbie, Ken.$4nrt
=773  0\$dTrinidad & Tobago, The Caribbean : Banyan
=856  40$uhttp://www.aspresolver.com/aspresolver.asp?ANTH;1689483$yAlexander Street Press Ethnographic Video Online
=859  \\$aORR$bAlexander Street Press
=883  0\$aLanguage codes assigned by Bayesian analysis of words present in record$d20201028$qUk$c0.9010
=985  \\$aUpgraded by BSS-generated file for WR2011-1472
=CAT  \\$aWR13_071$b00$c20130610$lBLL01$h1613
=CAT  \\$aBATCH$b00$c20130610$lBLL01$h1613
=CAT  \\$aWR16_088$c20160606$lBLL01$h1632
=CAT  \\$aBATCH-UPD$b00$c20160606$lBLL01$h1636
=CAT  \\$aW1610-0368$c20161006$lBLL01$h0938
=CAT  \\$aW1606-1753$c20171028$lBLL01$h1352
=CAT  \\$a8962$b40$c20181114$lBLL01$h1304
=CAT  \\$aW2011-1472$b00$c20201127$lBLL01$h1833
=FIN  \\$aY$d20130610
=LAS  \\$aW2011-1472$b00$c20201127$lBLL01$h1833

