=LDR  01880 gm a2200493uu 4500
=001  016428592
=003  Uk
=005  20201127183331.0
=008  100813s1993\\\\xx\|||\|||||||||||mleng\d
=FMT  \\$a  VM
=035  \\$aASP765028/ant1
=245  00$aTalking to Angels
=260  \\$aWatertown, MA$bDocumentary Educational Resources (DER)$c1993
=306  \\$a56 minutes
=490  0\$aEthnographic Video Online, Volume 1
=505  00$aRobert Perkins returns to the Canadian Arctic to paddle again into the great unknown, this time while struggling with the unsettling news of his girlfriend's breast cancer.
=546  \\$aIn English
=650  \4$aCancer
=650  \4$aNature
=650  \4$aRelationships
=650  \4$aArctic circle
=650  \4$aIntrospection
=650  \4$aBoat trips
=650  \4$aCanoes and kayaks
=700  1\$aGoodale, Irene.$4pro
=700  1\$aPerkins, Robert.$4pro
=700  1\$aPerkins, Robert.$4aut
=700  1\$aPerkins, Robert.$4drt
=700  1\$aGoodale, Irene.$4oth
=700  1\$aPerkins, Robert.$4oth
=773  0\$dWatertown, MA : Documentary Educational Resources (DER), 1993
=856  40$uhttp://www.aspresolver.com/aspresolver.asp?ANTH;765028$yAlexander Street Press Ethnographic Video Online
=859  \\$aORR$bAlexander Street Press
=883  0\$aLanguage codes assigned by Bayesian analysis of words present in record$d20201028$qUk$c0.9010
=985  \\$aUpgraded by BSS-generated file for WR2011-1472
=CAT  \\$aWR13_071$b00$c20130610$lBLL01$h1613
=CAT  \\$aBATCH$b00$c20130610$lBLL01$h1613
=CAT  \\$aWR16_088$c20160606$lBLL01$h1632
=CAT  \\$aBATCH-UPD$b00$c20160606$lBLL01$h1636
=CAT  \\$aW1610-0368$c20161006$lBLL01$h0938
=CAT  \\$aW1606-1753$c20171028$lBLL01$h1352
=CAT  \\$aW2011-1472$b00$c20201127$lBLL01$h1833
=FIN  \\$aY$d20130610
=LAS  \\$aW2011-1472$b00$c20201127$lBLL01$h1833

