=LDR  02376 gm a2200589uu 4500
=001  016428593
=003  Uk
=005  20201127183331.0
=008  100813s1996\\\\xx\|||\|||||||||||mlrom\d
=FMT  \\$a  VM
=035  \\$aASP765304/ant1
=041  \\$arom$aeng
=245  00$aT'an Bahktale! (Good Fortune To You!): Roma (Gypsies) In Russia
=260  \\$aWatertown, MA$bDocumentary Educational Resources (DER)$c1996
=306  \\$a75 minutes
=490  0\$aEthnographic Video Online, Volume 1
=505  00$aRecorded in 1993
=520  3\$aShot in central Russia in 1993, T'an Bahktale! documents how Russians, Romani performers, well-to-do merchant Roma, and poorer, metalworking Roma describe what it means to be a Gypsy. Before shooting, one of the directors did more than two years of fieldwork in Russia with Roma (1990-1993).
=546  \\$aIn Romani, Russian, Subtitles in English
=650  04$aRomani
=650  \4$aIntercultural communication
=650  \4$aMigrant life
=650  \4$aStereotypes
=650  \4$aEthnosociology
=650  \4$aLanguage
=650  \4$aCultural assimilation
=650  \4$aCultural identity
=650  \4$aDaily life
=700  1\$aLemon, Alaina$4pro
=700  1\$aNakamura, Midori.$4pro
=700  1\$aLemon, Alaina$4aut
=700  1\$aLemon, Alaina$4drt
=700  1\$aNakamura, Midori.$4drt
=700  1\$aCherenkov, Lev$4oth
=700  1\$aDeméter, Olga.$4oth
=700  1\$aDemeter, Vladislav$4oth
=700  1\$aKaminskii, Draga$4oth
=773  0\$dWatertown, MA : Documentary Educational Resources (DER), 1996
=856  40$uhttp://www.aspresolver.com/aspresolver.asp?ANTH;765304$yAlexander Street Press Ethnographic Video Online
=859  \\$aORR$bAlexander Street Press
=883  0\$aLanguage codes assigned by Bayesian analysis of words present in record$d20201028$qUk$c0.9010
=985  \\$aUpgraded by BSS-generated file for WR2011-1472
=CAT  \\$aWR13_071$b00$c20130610$lBLL01$h1613
=CAT  \\$aBATCH$b00$c20130610$lBLL01$h1613
=CAT  \\$aBATCH-UPD$b00$c20130610$lBLL01$h1622
=CAT  \\$aWR16_088$c20160606$lBLL01$h1632
=CAT  \\$aW1610-0368$c20161006$lBLL01$h0938
=CAT  \\$aW1606-1753$c20171028$lBLL01$h1352
=CAT  \\$aW2011-1472$b00$c20201127$lBLL01$h1833
=CAT  \\$aBATCH-UPD$b00$c20210514$lBLL01$h2021
=FIN  \\$aY$d20130610
=LAS  \\$aBATCH-UPD$b00$c20210514$lBLL01$h2021

