=LDR  01964 gm a2200481uu 4500
=001  016428594
=003  Uk
=005  20201127183331.0
=008  100813s1975\\\\xx\|||\|||||||||||mleng\d
=FMT  \\$a  VM
=035  \\$aASP765306/ant1
=245  00$aTapir Distribution
=260  \\$aWatertown, MA$bDocumentary Educational Resources (DER)$c1975
=306  \\$a15 minutes
=490  0\$aEthnographic Video Online, Volume 1
=505  00$aRecorded in 1971
=520  3\$aThe conflict shown in The Ax Fight disrupted the political stability in Mishimishimabowei-teri. Several days after the fight, Moawa, the most prominent headman in the village, killed a tapir and presented it to his brothers-in-law who comprise an important political bloc in the village.
=546  \\$aIn English
=650  04$aYanomamö
=650  \4$aCommunities
=650  \4$aEthnosociology
=650  \4$aHunting
=650  \4$aMeat
=650  \4$aTribal and national groups
=700  1\$aChagnon, Napoleon$4aut
=700  1\$aAsch, Timothy.$4drt
=700  1\$aChagnon, Napoleon$4drt
=700  1\$aMoäwä$4oth
=700  1\$aChagnon, Napoleon$4nrt
=773  0\$dWatertown, MA : Documentary Educational Resources (DER), 1975
=856  40$uhttp://www.aspresolver.com/aspresolver.asp?ANTH;765306$yAlexander Street Press Ethnographic Video Online
=859  \\$aORR$bAlexander Street Press
=883  0\$aLanguage codes assigned by Bayesian analysis of words present in record$d20201028$qUk$c0.9010
=985  \\$aUpgraded by BSS-generated file for WR2011-1472
=CAT  \\$aWR13_071$b00$c20130610$lBLL01$h1613
=CAT  \\$aBATCH$b00$c20130610$lBLL01$h1613
=CAT  \\$aWR16_088$c20160606$lBLL01$h1632
=CAT  \\$aBATCH-UPD$b00$c20160606$lBLL01$h1636
=CAT  \\$aW1610-0368$c20161006$lBLL01$h0938
=CAT  \\$aW1606-1753$c20171028$lBLL01$h1352
=CAT  \\$aW2011-1472$b00$c20201127$lBLL01$h1833
=FIN  \\$aY$d20130610
=LAS  \\$aW2011-1472$b00$c20201127$lBLL01$h1833

