=LDR  02014 gm a2200469uu 4500
=001  016428595
=003  Uk
=005  20201127183331.0
=008  100813s9999\\\\xx\|||\|||||||||||mleng\d
=FMT  \\$a  VM
=035  \\$aASP765308/ant1
=245  00$aTarahumara: Festival of The Easter Moon
=260  \\$aWatertown, MA$bDocumentary Educational Resources (DER)
=306  \\$a28 minutes
=490  0\$aEthnographic Video Online, Volume 1
=505  00$aRecorded in 1976
=520  3\$aShot in 1976, but never released, this film is a rare visual document of the Tarahumara - one of the most remote and isolated tribes of the North American continent. Filmed during a gathering at the mission village of Norogachic of northwest Mexico, the nomadic Tarahumara are observed celebrating their special interpretation of the Easter Festival.
=546  \\$aIn English
=650  04$aTarahumara
=650  \4$aSocial dances
=650  \4$aChristianity
=650  \4$aEaster
=650  \4$aReligious festivals
=650  \4$aCultural identity
=650  \4$aTribal and national groups
=700  1\$aNauman, Charles.$4aut
=700  1\$aNauman, Charles.$4drt
=700  1\$aNauman, Charles.$4nrt
=773  0\$dWatertown, MA : Documentary Educational Resources (DER)
=856  40$uhttp://www.aspresolver.com/aspresolver.asp?ANTH;765308$yAlexander Street Press Ethnographic Video Online
=859  \\$aORR$bAlexander Street Press
=883  0\$aLanguage codes assigned by Bayesian analysis of words present in record$d20201028$qUk$c0.9010
=985  \\$aUpgraded by BSS-generated file for WR2011-1472
=CAT  \\$aWR13_071$b00$c20130610$lBLL01$h1613
=CAT  \\$aBATCH$b00$c20130610$lBLL01$h1613
=CAT  \\$aWR16_088$c20160606$lBLL01$h1632
=CAT  \\$aBATCH-UPD$b00$c20160606$lBLL01$h1636
=CAT  \\$aW1610-0368$c20161006$lBLL01$h0938
=CAT  \\$aW1606-1753$c20171028$lBLL01$h1352
=CAT  \\$aW2011-1472$b00$c20201127$lBLL01$h1833
=FIN  \\$aY$d20130610
=LAS  \\$aW2011-1472$b00$c20201127$lBLL01$h1833

