=LDR  01970 gm a2200481uu 4500
=001  016428598
=003  Uk
=005  20201127183331.0
=008  100813s1998\\\\xx\|||\|||||||||||mleng\d
=FMT  \\$a  VM
=035  \\$aASP765310/ant1
=245  00$aTeyyam: The Annual Visit of the God Vishnumurti
=260  \\$aWatertown, MA$bDocumentary Educational Resources (DER)$c1998
=306  \\$a57 minutes
=490  0\$aEthnographic Video Online, Volume 1
=505  00$aIn Northern Kerala, Hindus revere numerous Gods through Teyyam rituals. Each Teyyam is dedicated to a specific God. In Teyyam worship a ritual specialist, a teyyam performer, takes the shape of the God and becomes transformed.
=546  \\$aIn English, Subtitles in English
=650  04$aIndian
=650  \4$aPerforming life
=650  \4$aReligious festivals
=650  \4$aEthnosociology
=650  \4$aCultural identity
=650  \4$aSocial castes
=650  \4$aHinduism
=650  \4$aReligious rites and ceremonies
=700  1\$ade Maaker, Erik$4pro
=700  1\$ade Maaker, Erik$4aut
=700  1\$ade Maaker, Erik$4drt
=700  1\$aWilkinson, Tony.$4nrt
=773  0\$dWatertown, MA : Documentary Educational Resources (DER), 1998
=856  40$uhttp://www.aspresolver.com/aspresolver.asp?ANTH;765310$yAlexander Street Press Ethnographic Video Online
=859  \\$aORR$bAlexander Street Press
=883  0\$aLanguage codes assigned by Bayesian analysis of words present in record$d20201028$qUk$c0.9010
=985  \\$aUpgraded by BSS-generated file for WR2011-1472
=CAT  \\$aWR13_071$b00$c20130610$lBLL01$h1613
=CAT  \\$aBATCH$b00$c20130610$lBLL01$h1613
=CAT  \\$aWR16_088$c20160606$lBLL01$h1632
=CAT  \\$aBATCH-UPD$b00$c20160606$lBLL01$h1636
=CAT  \\$aW1610-0368$c20161006$lBLL01$h0938
=CAT  \\$aW1606-1753$c20171028$lBLL01$h1352
=CAT  \\$aW2011-1472$b00$c20201127$lBLL01$h1833
=FIN  \\$aY$d20130610
=LAS  \\$aW2011-1472$b00$c20201127$lBLL01$h1833

