=LDR  01784 gm a2200409uu 4500
=001  016428599
=003  Uk
=005  20201127183331.0
=008  100813s9999\\\\xx\|||\|||||||||||mleng\d
=FMT  \\$a  VM
=035  \\$aASP1779524/ant1
=245  00$aThailand
=260  \\$aCopenhagen, Denmark$bDanish Broadcasting Corporation
=306  \\$a27 minutes
=490  0\$aEthnographic Video Online, Volume 1
=505  00$aAsian elephants are still fairly widespread in Thailand, though their numbers are decreasing. A great feast dedicated to elephants is held at Surin and in Chiang Mai we meet Lek Sangduen Chailert, proclaimed hero of Asia 2006 by Time Magazine for her dedication to elephants. In Bangkok we explore one of Thailand's best known tourist attractions.
=546  \\$aIn English
=650  04$aThai
=650  \4$aMonkeys
=650  \4$aBuddhism
=650  \4$aTourist attractions
=650  \4$aElephants
=700  1\$aDemichelis, Davide.$4drt
=773  0\$dCopenhagen, Denmark : Danish Broadcasting Corporation
=856  40$uhttp://www.aspresolver.com/aspresolver.asp?ANTH;1779524$yAlexander Street Press Ethnographic Video Online
=859  \\$aORR$bAlexander Street Press
=883  0\$aLanguage codes assigned by Bayesian analysis of words present in record$d20201028$qUk$c0.9010
=985  \\$aUpgraded by BSS-generated file for WR2011-1472
=CAT  \\$aWR13_071$b00$c20130610$lBLL01$h1613
=CAT  \\$aBATCH$b00$c20130610$lBLL01$h1613
=CAT  \\$aWR16_088$c20160606$lBLL01$h1632
=CAT  \\$aBATCH-UPD$b00$c20160606$lBLL01$h1636
=CAT  \\$aW1610-0368$c20161006$lBLL01$h0938
=CAT  \\$aW1606-1753$c20171028$lBLL01$h1352
=CAT  \\$aW2011-1472$b00$c20201127$lBLL01$h1833
=FIN  \\$aY$d20130610
=LAS  \\$aW2011-1472$b00$c20201127$lBLL01$h1833

