=LDR  01952 gm a2200469uu 4500
=001  016428600
=003  Uk
=005  20201127183331.0
=008  100813s1978\\\\xx\|||\|||||||||||mleng\d
=FMT  \\$a  VM
=035  \\$aASP765312/ant1
=245  00$aThat Our Children Will Not Die
=260  \\$aWatertown, MA$bDocumentary Educational Resources (DER)$c1978
=306  \\$a60 minutes
=490  0\$aEthnographic Video Online, Volume 1
=505  00$aNigeria, with over 75 million people, is the most populous state in sub-Saharan Africa. It is also among the most richly endowed in natural, mineral, and oil resources. In spite of rapid modernization, Nigeria continues to have one of the highest mortality rates in the world, particularly among children and mothers.
=546  \\$aIn English
=650  04$aNigerian
=650  \4$aHealth
=650  \4$aNurses
=650  \4$aPhysical illnesses
=650  \4$aChildren
=650  \4$aCare issues
=650  \4$aMortality rates
=700  1\$aChopra, Joyce.$4pro
=700  1\$aChopra, Joyce.$4aut
=700  1\$aChopra, Joyce.$4drt
=700  1\$aRansome-Kuti, O.$4nrt
=773  0\$dWatertown, MA : Documentary Educational Resources (DER), 1978
=856  40$uhttp://www.aspresolver.com/aspresolver.asp?ANTH;765312$yAlexander Street Press Ethnographic Video Online
=859  \\$aORR$bAlexander Street Press
=883  0\$aLanguage codes assigned by Bayesian analysis of words present in record$d20201028$qUk$c0.9010
=985  \\$aUpgraded by BSS-generated file for WR2011-1472
=CAT  \\$aWR13_071$b00$c20130610$lBLL01$h1613
=CAT  \\$aBATCH$b00$c20130610$lBLL01$h1613
=CAT  \\$aWR16_088$c20160606$lBLL01$h1632
=CAT  \\$aBATCH-UPD$b00$c20160606$lBLL01$h1636
=CAT  \\$aW1610-0368$c20161006$lBLL01$h0938
=CAT  \\$aW1606-1753$c20171028$lBLL01$h1352
=CAT  \\$aW2011-1472$b00$c20201127$lBLL01$h1833
=FIN  \\$aY$d20130610
=LAS  \\$aW2011-1472$b00$c20201127$lBLL01$h1833

