=LDR  02522 gm a2200433uu 4500
=001  016428601
=003  Uk
=005  20201127183331.0
=008  100813s1998\\\\xx\|||\|||||||||||mleng\d
=FMT  \\$a  VM
=035  \\$aASP1689450/ant1
=245  00$aThey Carry Their Families
=260  \\$aNew York, NY$bFilmakers Library$c1998
=306  \\$a12 minutes
=490  0\$aEthnographic Video Online, Volume 1
=505  00$aLife in a rural village in Mauritania is hard on women. Tradition and Islamic religion are intertwined to reinforce strict gender roles. The husband is the protector and keeper; his word is law. While the men take their ease, the girls and women are off to the fields during the peanut planting and harvest season, walking five miles each way, and coming home with heavy burdens from the fields to prepare the family dinner. They carry the water, sweep the yard, wash the clothes, and care for the children. This short, beautifully filmed video captures succinctly the subservience of women, while at the same time remaining respectful of tradition and culture. There are no drugs, alcohol or loneliness in this kind of community, where family bonds are very strong. We hear from several young Peace Corps workers in the village who are hopeful that by educating and thereby widening the horizons of young women, eventually women will have more choices. From a Western perspective, the future of Africa depends on education and family planning.
=546  \\$aIn English
=650  04$aSoninke
=650  \4$aCircumcisions
=650  \4$aDomestic chores
=650  \4$aTribal and national groups
=650  \4$aWomen
=650  \4$aIslam
=650  \4$aGender roles
=700  1\$aZamperoni, Ingo A.$4pro
=700  1\$aZamperoni, Ingo A.$4aut
=773  0\$dNew York, NY : Filmakers Library, 1998
=856  40$uhttp://www.aspresolver.com/aspresolver.asp?ANTH;1689450$yAlexander Street Press Ethnographic Video Online
=859  \\$aORR$bAlexander Street Press
=883  0\$aLanguage codes assigned by Bayesian analysis of words present in record$d20201028$qUk$c0.9010
=985  \\$aUpgraded by BSS-generated file for WR2011-1472
=CAT  \\$aWR13_071$b00$c20130610$lBLL01$h1613
=CAT  \\$aBATCH$b00$c20130610$lBLL01$h1613
=CAT  \\$aWR16_088$c20160606$lBLL01$h1632
=CAT  \\$aW1610-0368$c20161006$lBLL01$h0938
=CAT  \\$aW1606-1753$c20171028$lBLL01$h1352
=CAT  \\$aW2011-1472$b00$c20201127$lBLL01$h1833
=FIN  \\$aY$d20130610
=LAS  \\$aW2011-1472$b00$c20201127$lBLL01$h1833

