=LDR  01917 gm a2200445uu 4500
=001  016428604
=003  Uk
=005  20201127183331.0
=008  100813s1982\\\\xx\|||\|||||||||||mleng\d
=FMT  \\$a  VM
=035  \\$aASP765486/ant1
=245  00$aThread of The Needle
=260  \\$aWatertown, MA$bDocumentary Educational Resources (DER)$c1982
=306  \\$a25 minutes
=490  0\$aEthnographic Video Online, Volume 1
=505  00$aAno Ravenia, a mountain village in Greece, young men leave to find work, learn a trade or serve in the Army while a young woman may leave her father's house only to enter that of her husband. The unmarried girls remain in the village amoung the elderly folk, meeting together to embroider their trousseaus and chat.
=546  \\$aIn Greek, Subtitles in English
=650  04$aGreek
=650  \4$aGender roles
=650  \4$aUnmarried persons
=650  \4$aWomen
=650  \4$aRural population
=650  \4$aMarriage
=700  1\$aPiault, Colette.$4aut
=700  1\$aTriandaphyllou-Marnelis, Anna$4aut
=700  1\$aPiault, Colette.$4drt
=773  0\$dWatertown, MA : Documentary Educational Resources (DER), 1982
=856  40$uhttp://www.aspresolver.com/aspresolver.asp?ANTH;765486$yAlexander Street Press Ethnographic Video Online
=859  \\$aORR$bAlexander Street Press
=883  0\$aLanguage codes assigned by Bayesian analysis of words present in record$d20201028$qUk$c0.9010
=985  \\$aUpgraded by BSS-generated file for WR2011-1472
=CAT  \\$aWR13_071$b00$c20130610$lBLL01$h1613
=CAT  \\$aBATCH$b00$c20130610$lBLL01$h1613
=CAT  \\$aWR16_088$c20160606$lBLL01$h1632
=CAT  \\$aBATCH-UPD$b00$c20160606$lBLL01$h1636
=CAT  \\$aW1610-0368$c20161006$lBLL01$h0938
=CAT  \\$aW1606-1753$c20171028$lBLL01$h1352
=CAT  \\$aW2011-1472$b00$c20201127$lBLL01$h1833
=FIN  \\$aY$d20130610
=LAS  \\$aW2011-1472$b00$c20201127$lBLL01$h1833

