=LDR  02018 gm a2200505uu 4500
=001  016428605
=003  Uk
=005  20201127183331.0
=008  100813s1994\\\\xx\|||\|||||||||||mleng\d
=FMT  \\$a  VM
=035  \\$aASP765488/ant1
=245  00$aThreads of Life: Hemp and Gender in a Hmong Village
=260  \\$aWatertown, MA$bDocumentary Educational Resources (DER)$c1994
=306  \\$a28 minutes
=490  0\$aEthnographic Video Online, Volume 1
=505  00$aRecorded in 1993
=520  3\$aFor centuries Hmong people have lived in the mountains of China and Southeast Asia. They have in more recent history fled Laos as refugees and resettled in the Americas, Australia and Europe.
=546  \\$aIn English, Hmong, Subtitles in English
=650  04$aHmong
=650  \4$aWeaving
=650  \4$aShamanism
=650  \4$aDivision of labor
=650  \4$aTribal and national groups
=650  \4$aAgriculture
=650  \4$aGender
=650  \4$aTextile industry
=700  1\$aCulhane-Pera, Kathleen A.$4pro
=700  1\$aMorgan, Susan.$4pro
=700  1\$aCulhane-Pera, Kathleen A.$4aut
=700  1\$aCulhane-Pera, Kathleen A.$4drt
=700  1\$aMorgan, Susan.$4drt
=773  0\$dWatertown, MA : Documentary Educational Resources (DER), 1994
=856  40$uhttp://www.aspresolver.com/aspresolver.asp?ANTH;765488$yAlexander Street Press Ethnographic Video Online
=859  \\$aORR$bAlexander Street Press
=883  0\$aLanguage codes assigned by Bayesian analysis of words present in record$d20201028$qUk$c0.9010
=985  \\$aUpgraded by BSS-generated file for WR2011-1472
=CAT  \\$aWR13_071$b00$c20130610$lBLL01$h1613
=CAT  \\$aBATCH$b00$c20130610$lBLL01$h1613
=CAT  \\$aWR16_088$c20160606$lBLL01$h1632
=CAT  \\$aBATCH-UPD$b00$c20160606$lBLL01$h1636
=CAT  \\$aW1610-0368$c20161006$lBLL01$h0938
=CAT  \\$aW1606-1753$c20171028$lBLL01$h1352
=CAT  \\$aW2011-1472$b00$c20201127$lBLL01$h1833
=FIN  \\$aY$d20130610
=LAS  \\$aW2011-1472$b00$c20201127$lBLL01$h1833

