=LDR  02194 gm a2200457uu 4500
=001  016428606
=003  Uk
=005  20201127183332.0
=008  100813s1971\\\\xx\|||\|||||||||||mleng\d
=FMT  \\$a  VM
=035  \\$aASP765492/ant1
=245  00$aThree Domestics
=260  \\$aWatertown, MA$bDocumentary Educational Resources (DER)$c1971
=306  \\$a30 minutes
=490  0\$aEthnographic Video Online, Volume 1
=505  00$aThis film shows Pittsburgh police intervening in three domestic situations: (1) A woman wants the police to remove the man she has been living with in common law. They arrange for his arrest on an assault and battery charge; (2) A woman accuses her boyfriend of beating her and the man accuses her of lying. The police remove the man with some difficulty; (3) A boisterous and drunken father is removed from his house to spend the night in jail at the insistence of his wife and older son. Throughout the sequence, the father is cared for by his younger son.
=546  \\$aIn English
=650  04$aAmerican
=650  04$aAfrican American
=650  \4$aDomestic violence
=650  \4$aIntoxication
=650  \4$aLaw enforcement
=650  \4$aArrests
=650  \4$aPolice officers
=700  1\$aMarshall, John,$d1932-2005$4aut
=700  1\$aMarshall, John,$d1932-2005$4drt
=773  0\$dWatertown, MA : Documentary Educational Resources (DER), 1971
=856  40$uhttp://www.aspresolver.com/aspresolver.asp?ANTH;765492$yAlexander Street Press Ethnographic Video Online
=859  \\$aORR$bAlexander Street Press
=883  0\$aLanguage codes assigned by Bayesian analysis of words present in record$d20201028$qUk$c0.9010
=985  \\$aUpgraded by BSS-generated file for WR2011-1472
=CAT  \\$aWR13_071$b00$c20130610$lBLL01$h1613
=CAT  \\$aBATCH$b00$c20130610$lBLL01$h1613
=CAT  \\$a7416$b40$c20150203$lBLL01$h1147
=CAT  \\$aBATCH-UPD$b40$c20150203$lBLL01$h1148
=CAT  \\$aWR16_088$c20160606$lBLL01$h1632
=CAT  \\$aW1610-0368$c20161006$lBLL01$h0938
=CAT  \\$aW1606-1753$c20171028$lBLL01$h1352
=CAT  \\$aW2011-1472$b00$c20201127$lBLL01$h1833
=FIN  \\$aY$d20130610
=LAS  \\$aW2011-1472$b00$c20201127$lBLL01$h1833

