=LDR  02021 gm a2200493uu 4500
=001  016428607
=003  Uk
=005  20201127183332.0
=008  100813s2007\\\\xx\|||\|||||||||||mleng\d
=FMT  \\$a  VM
=035  \\$aASP765496/ant1
=245  00$aThrough the Negev
=260  \\$aWatertown, MA$bDocumentary Educational Resources (DER)$c2007
=306  \\$a18 minutes
=490  0\$aEthnographic Video Online, Volume 1
=505  00$aTold through interwoven first-person accounts by the few women and children who have made the journey by walking from Egypt to Israel, Through the Negev is a short documentary that encapsulates the refugees' struggle for home and safety.The documentary gives voice to women and children not often represented in stories about Sudan.
=546  \\$aIn English
=650  04$aSudanese
=650  \4$aPolitics
=650  \4$aWomen's shelters
=650  \4$aRefugees
=700  1\$aEsquenazi, Deborah$4pro
=700  1\$aGlickman, Anne$4pro
=700  1\$aReiter, Karen$4pro
=700  1\$aHuang, Ya-Hsuan.$4aut
=700  1\$aHuang, Ya-Hsuan.$4drt
=700  1\$aAffaf$4oth
=700  1\$aAhmul$4oth
=700  1\$aIda$4oth
=700  1\$aNatalina$4oth
=773  0\$dWatertown, MA : Documentary Educational Resources (DER), 2007
=856  40$uhttp://www.aspresolver.com/aspresolver.asp?ANTH;765496$yAlexander Street Press Ethnographic Video Online
=859  \\$aORR$bAlexander Street Press
=883  0\$aLanguage codes assigned by Bayesian analysis of words present in record$d20201028$qUk$c0.9010
=985  \\$aUpgraded by BSS-generated file for WR2011-1472
=CAT  \\$aWR13_071$b00$c20130610$lBLL01$h1613
=CAT  \\$aBATCH$b00$c20130610$lBLL01$h1613
=CAT  \\$aWR16_088$c20160606$lBLL01$h1632
=CAT  \\$aBATCH-UPD$b00$c20160606$lBLL01$h1636
=CAT  \\$aW1610-0368$c20161006$lBLL01$h0938
=CAT  \\$aW1606-1753$c20171028$lBLL01$h1352
=CAT  \\$aW2011-1472$b00$c20201127$lBLL01$h1833
=FIN  \\$aY$d20130610
=LAS  \\$aW2011-1472$b00$c20201127$lBLL01$h1833

