=LDR  02290 gm a2200565uu 4500
=001  016428608
=003  Uk
=005  20201127183332.0
=008  100813s2003\\\\xx\|||\|||||||||||mleng\d
=FMT  \\$a  VM
=035  \\$aASP765498/ant1
=245  00$aThrough These Eyes
=260  \\$aWatertown, MA$bDocumentary Educational Resources (DER)$c2003
=306  \\$a55 minutes
=490  0\$aEthnographic Video Online, Volume 1
=505  00$aAt the onset of the space race in the 1960s, the U.S. government feared its educational system was slipping behind the Soviet Union's. A controversial science initiative grew out of its response, Man: A Course of Study, a program with the ambitious goal of teaching American children what it was to be human.
=546  \\$aIn English, Subtitles in English
=650  04$aEskimo
=650  04$aAmerican
=650  04$aInuit
=650  \4$aEducation
=650  \4$aCultural identity
=650  \4$aCultural change and history
=650  \4$aTribal and national groups
=650  \4$aSchool curriculums
=700  1\$aThompson, Bonnie.$4pro
=700  1\$aLaird, Charles.$4aut
=700  1\$aLaird, Charles.$4drt
=700  1\$aArchibald, George.$4oth
=700  1\$aBalikci, Asen$4oth
=700  1\$aBruner, Jerome$4oth
=700  1\$aConlan, John Betrand$4oth
=700  1\$aDow, Peter$4oth
=700  1\$aNirlungayak, Barthelemy$4oth
=700  1\$aNirlungayak, Sidonie$4oth
=700  1\$aPeterson, Cemmy$4oth
=773  0\$dWatertown, MA : Documentary Educational Resources (DER), 2003
=856  40$uhttp://www.aspresolver.com/aspresolver.asp?ANTH;765498$yAlexander Street Press Ethnographic Video Online
=859  \\$aORR$bAlexander Street Press
=883  0\$aLanguage codes assigned by Bayesian analysis of words present in record$d20201028$qUk$c0.9010
=985  \\$aUpgraded by BSS-generated file for WR2011-1472
=CAT  \\$aWR13_071$b00$c20130610$lBLL01$h1613
=CAT  \\$aBATCH$b00$c20130610$lBLL01$h1613
=CAT  \\$aWR16_088$c20160606$lBLL01$h1632
=CAT  \\$aBATCH-UPD$b00$c20160606$lBLL01$h1636
=CAT  \\$aW1610-0368$c20161006$lBLL01$h0938
=CAT  \\$aW1606-1753$c20171028$lBLL01$h1352
=CAT  \\$aW2011-1472$b00$c20201127$lBLL01$h1833
=FIN  \\$aY$d20130610
=LAS  \\$aW2011-1472$b00$c20201127$lBLL01$h1833

