=LDR  02478 gm a2200493uu 4500
=001  016428609
=003  Uk
=005  20201127183332.0
=008  100813s9999\\\\xx\|||\|||||||||||mleng\d
=FMT  \\$a  VM
=035  \\$aASP1689452/ant1
=245  00$aTidikawa: At the Edge of Heaven
=260  \\$aNew York, NY$bFilmakers Library
=306  \\$a47 minutes
=490  0\$aEthnographic Video Online, Volume 1
=505  00$aThis film captures the poignancy of a native people undergoing cultural change. When Susan Cornwell first encountered the Bedamini in Papua, New Guinea in 1971, they were aggressive and practiced cannibalism as part of their religion. She was able to befriend them and make a landmark film, Tidikawa and Friends. Now, on her return, she finds a people in Western dress, wearing T-shirts instead of nose bones. Many have been converted to Christianity. They perform their tribal dances for money, and use calculators to determine the charges. Susan shows them the old film and they respond with excitement to images of their former selves. The skillful intercutting of old and new footage dramatizes the effects of westernization on an indigenous people.
=546  \\$aIn English
=650  04$aBeami (Bedamuni, Bedamini)
=650  \4$aReligious beliefs
=650  \4$aBurial customs
=650  \4$aCultural identity
=650  \4$aTribal and national groups
=650  \4$aCultural change and history
=650  \4$aMissionaries
=650  \4$aChristianity
=650  \4$aReligious rites and ceremonies
=700  1\$aDavies, Will.$4pro
=700  1\$aCornwell, Susan.$4aut
=700  1\$aCornwell, Susan.$4drt
=700  1\$aOwynns, Taylor.$4nrt
=773  0\$dNew York, NY : Filmakers Library
=856  40$uhttp://www.aspresolver.com/aspresolver.asp?ANTH;1689452$yAlexander Street Press Ethnographic Video Online
=859  \\$aORR$bAlexander Street Press
=883  0\$aLanguage codes assigned by Bayesian analysis of words present in record$d20201028$qUk$c0.9010
=985  \\$aUpgraded by BSS-generated file for WR2011-1472
=CAT  \\$aWR13_071$b00$c20130610$lBLL01$h1613
=CAT  \\$aBATCH$b00$c20130610$lBLL01$h1613
=CAT  \\$aWR16_088$c20160606$lBLL01$h1632
=CAT  \\$aBATCH-UPD$b00$c20160606$lBLL01$h1636
=CAT  \\$aW1610-0368$c20161006$lBLL01$h0938
=CAT  \\$aW1606-1753$c20171028$lBLL01$h1352
=CAT  \\$aW2011-1472$b00$c20201127$lBLL01$h1833
=FIN  \\$aY$d20130610
=LAS  \\$aW2011-1472$b00$c20201127$lBLL01$h1833

