=LDR  01930 gm a2200457uu 4500
=001  016428610
=003  Uk
=005  20201127183332.0
=008  100813s1983\\\\xx\|||\|||||||||||mleng\d
=FMT  \\$a  VM
=035  \\$aASP765500/ant1
=245  00$aTighten the Drums: Self-Decoration Among the Enga
=260  \\$aWatertown, MA$bDocumentary Educational Resources (DER)$c1983
=306  \\$a58 minutes
=490  0\$aEthnographic Video Online, Volume 1
=505  00$aRecorded in 1975
=520  3\$aIn the Western Highlands of Papua New Guinea, the Enga people have developed the art of body decoration as a visual language. Using earth paints, tree oils, bird plumes, human hair, and a variety of plants, the Enga turn the body into a medium for an expressive and dramatic symbolism.
=546  \\$aIn English
=650  04$aEnga
=650  \4$aFashion
=650  \4$aEthnosociology
=650  \4$aPersonal appearance
=650  \4$aCultural identity
=650  \4$aTribal and national groups
=700  1\$aOwen, Chris.$4aut
=700  1\$aOwen, Chris.$4drt
=700  1\$aTokume, Johnbili$4nrt
=773  0\$dWatertown, MA : Documentary Educational Resources (DER), 1983
=856  40$uhttp://www.aspresolver.com/aspresolver.asp?ANTH;765500$yAlexander Street Press Ethnographic Video Online
=859  \\$aORR$bAlexander Street Press
=883  0\$aLanguage codes assigned by Bayesian analysis of words present in record$d20201028$qUk$c0.9010
=985  \\$aUpgraded by BSS-generated file for WR2011-1472
=CAT  \\$aWR13_071$b00$c20130610$lBLL01$h1613
=CAT  \\$aBATCH$b00$c20130610$lBLL01$h1613
=CAT  \\$aWR16_088$c20160606$lBLL01$h1632
=CAT  \\$aBATCH-UPD$b00$c20160606$lBLL01$h1636
=CAT  \\$aW1610-0368$c20161006$lBLL01$h0938
=CAT  \\$aW1606-1753$c20171028$lBLL01$h1352
=CAT  \\$aW2011-1472$b00$c20201127$lBLL01$h1833
=FIN  \\$aY$d20130610
=LAS  \\$aW2011-1472$b00$c20201127$lBLL01$h1833

