=LDR  01716 gm a2200409uu 4500
=001  016428611
=003  Uk
=005  20201127183332.0
=008  100813s1961\\\\xx\|||\|||||||||||mleng\d
=FMT  \\$a  VM
=035  \\$aASP765502/ant1
=245  00$aTikal
=260  \\$aWatertown, MA$bDocumentary Educational Resources (DER)$c1961
=306  \\$a23 minutes
=490  0\$aEthnographic Video Online, Volume 1
=505  00$aTikal, the Mayan ceremonial center in the Peten lowlands of Guatemala, is famous for its pyramids and stelae. But surrounding the monuments, hidden in the jungle, are countless thousands of house mounds where a millennium ago, the worshippers and workers lived.
=546  \\$aIn English
=650  04$aMaya
=650  \4$aPottery
=650  \4$aArchaeological artifacts
=650  \4$aArchaeological sites
=650  \4$aAncient civilizations
=700  1\$aHeider, Karl G.$4aut
=700  1\$aHeider, Karl G.$4drt
=773  0\$dWatertown, MA : Documentary Educational Resources (DER), 1961
=856  40$uhttp://www.aspresolver.com/aspresolver.asp?ANTH;765502$yAlexander Street Press Ethnographic Video Online
=859  \\$aORR$bAlexander Street Press
=883  0\$aLanguage codes assigned by Bayesian analysis of words present in record$d20201028$qUk$c0.9010
=985  \\$aUpgraded by BSS-generated file for WR2011-1472
=CAT  \\$aWR13_071$b00$c20130610$lBLL01$h1613
=CAT  \\$aBATCH$b00$c20130610$lBLL01$h1613
=CAT  \\$aWR16_088$c20160606$lBLL01$h1632
=CAT  \\$aW1610-0368$c20161006$lBLL01$h0938
=CAT  \\$aW1606-1753$c20171028$lBLL01$h1352
=CAT  \\$aW2011-1472$b00$c20201127$lBLL01$h1833
=FIN  \\$aY$d20130610
=LAS  \\$aW2011-1472$b00$c20201127$lBLL01$h1833

