=LDR  01971 gm a2200481uu 4500
=001  016428612
=003  Uk
=005  20201127183332.0
=008  100813s2005\\\\xx\|||\|||||||||||mleng\d
=FMT  \\$a  VM
=035  \\$aASP764410/ant1
=245  00$aA Time To Reflect, The History Of Whalom Park
=260  \\$aWatertown, MA$bDocumentary Educational Resources (DER)$c2005
=306  \\$a35 minutes
=490  0\$aEthnographic Video Online, Volume 1
=505  00$aA Time To Reflect, The History Of Whalom Park is an in-depth look into a disappearing piece of Americana, the classic amusement park. The film chronicles the rise and fall of Whalom and covers over 100 years of the park's history.
=546  \\$aIn English
=650  04$aAmerican
=650  \4$aEntertainment and recreation
=650  \4$aAmusement parks
=650  \4$aCultural change and history
=700  1\$aCadieux, Aaron$4pro
=700  1\$aCadieux, Aaron$4aut
=700  1\$aCadieux, Aaron$4drt
=700  1\$aBowen, Beth$4oth
=700  1\$aBower, Fran$4oth
=700  1\$aChester, Mark.$4oth
=700  1\$aPorter, Paul.$4oth
=700  1\$aLeigher, Ryan$4nrt
=773  0\$dWatertown, MA : Documentary Educational Resources (DER), 2005
=856  40$uhttp://www.aspresolver.com/aspresolver.asp?ANTH;764410$yAlexander Street Press Ethnographic Video Online
=859  \\$aORR$bAlexander Street Press
=883  0\$aLanguage codes assigned by Bayesian analysis of words present in record$d20201028$qUk$c0.9010
=985  \\$aUpgraded by BSS-generated file for WR2011-1472
=CAT  \\$aWR13_071$b00$c20130610$lBLL01$h1613
=CAT  \\$aBATCH$b00$c20130610$lBLL01$h1613
=CAT  \\$aWR16_088$c20160606$lBLL01$h1632
=CAT  \\$aBATCH-UPD$b00$c20160606$lBLL01$h1636
=CAT  \\$aW1610-0368$c20161006$lBLL01$h0938
=CAT  \\$aW1606-1753$c20171028$lBLL01$h1352
=CAT  \\$aW2011-1472$b00$c20201127$lBLL01$h1833
=FIN  \\$aY$d20130610
=LAS  \\$aW2011-1472$b00$c20201127$lBLL01$h1833

