=LDR  01645 gm a2200457uu 4500
=001  016428613
=003  Uk
=005  20201127183332.0
=008  100813s1996\\\\xx\|||\|||||||||||mleng\d
=FMT  \\$a  VM
=035  \\$aASP1647045/ant1
=245  00$aA Time to Woo
=260  \\$aLondon, England$bBritish Broadcasting Corporation (BBC)$c1996
=306  \\$a50 minutes
=490  0\$aEthnographic Video Online, Volume 1
=505  00$aIn English
=650  04$aBerber
=650  \4$aCultural identity
=650  \4$aCourtship customs
=650  \4$aMarriage
=650  \4$aTribal and national groups
=700  1\$aLangton, Patti.$4pro
=700  1\$aLangton, Patti.$4aut
=700  0\$aAisha.$4oth
=700  1\$aFadma$4oth
=700  1\$aBrooks, Glynis$4nrt
=773  0\$dLondon, England : British Broadcasting Corporation (BBC), 1996
=856  40$uhttp://www.aspresolver.com/aspresolver.asp?ANTH;1647045$yAlexander Street Press Ethnographic Video Online
=859  \\$aORR$bAlexander Street Press
=883  0\$aLanguage codes assigned by Bayesian analysis of words present in record$d20201028$qUk$c0.9010
=985  \\$aUpgraded by BSS-generated file for WR2011-1472
=CAT  \\$aWR13_071$b00$c20130610$lBLL01$h1613
=CAT  \\$aBATCH$b00$c20130610$lBLL01$h1613
=CAT  \\$aBATCH-UPD$b00$c20130610$lBLL01$h1622
=CAT  \\$aWR16_088$c20160606$lBLL01$h1632
=CAT  \\$aBATCH-UPD$b00$c20160606$lBLL01$h1636
=CAT  \\$aW1610-0368$c20161006$lBLL01$h0938
=CAT  \\$aW1606-1753$c20171028$lBLL01$h1352
=CAT  \\$aW2011-1472$b00$c20201127$lBLL01$h1833
=FIN  \\$aY$d20130610
=LAS  \\$aW2011-1472$b00$c20201127$lBLL01$h1833

