=LDR  01739 gm a2200433uu 4500
=001  016428614
=003  Uk
=005  20201127183332.0
=008  100813s9999\\\\xx\|||\|||||||||||mleng\d
=FMT  \\$a  VM
=035  \\$aASP765504/ant1
=245  00$aTime When Dreams Melt
=260  \\$aWatertown, MA$bDocumentary Educational Resources (DER)
=306  \\$a15 minutes
=490  0\$aEthnographic Video Online, Volume 1
=505  00$aThe Time When Dreams Melt was shot in Northeastern Russia in the Providenia District of the Chukchi Autonomous Region, an area occupied by the Yupik Eskimos of Northeast Asia for millennia.
=650  04$aEskimo
=650  04$aYupik
=650  \4$aHunting
=650  \4$aCultural identity
=650  \4$aTribal and national groups
=650  \4$aCultural change and history
=700  1\$aVakhrushev, Aleksei$4pro
=700  1\$aVakhrushev, Aleksei$4aut
=700  1\$aVakhrushev, Aleksei$4drt
=700  1\$aYupik-The True Man$4oth
=773  0\$dWatertown, MA : Documentary Educational Resources (DER)
=856  40$uhttp://www.aspresolver.com/aspresolver.asp?ANTH;765504$yAlexander Street Press Ethnographic Video Online
=859  \\$aORR$bAlexander Street Press
=883  0\$aLanguage codes assigned by Bayesian analysis of words present in record$d20201028$qUk$c0.9010
=985  \\$aUpgraded by BSS-generated file for WR2011-1472
=CAT  \\$aWR13_071$b00$c20130610$lBLL01$h1613
=CAT  \\$aBATCH$b00$c20130610$lBLL01$h1613
=CAT  \\$aWR16_088$c20160606$lBLL01$h1632
=CAT  \\$aW1610-0368$c20161006$lBLL01$h0938
=CAT  \\$aW1606-1753$c20171028$lBLL01$h1352
=CAT  \\$aW2011-1472$b00$c20201127$lBLL01$h1833
=FIN  \\$aY$d20130610
=LAS  \\$aW2011-1472$b00$c20201127$lBLL01$h1833

