=LDR  01590 gm a2200397uu 4500
=001  016428615
=003  Uk
=005  20201127183332.0
=008  100813s1990\\\\xx\|||\|||||||||||mleng\d
=FMT  \\$a  VM
=035  \\$aASP1869367/ant1
=245  00$aTisno, Game Warden
=260  \\$aParis, France$bZED$c1990
=306  \\$a27 minutes
=490  0\$aEthnographic Video Online, Volume 1
=505  00$aToday, there is in our ordinary and structured world, people who are now shaping the legends of tomorrow, thanks to their direct contact with nature: fishermen, hunters, nature keepers... Let us embark on their fantastic adventures.
=546  \\$aIn English
=650  04$aSudanese
=650  \4$aSport fishing
=650  \4$aWild animals
=700  1\$aQueyrat, Jean$4drt
=700  1\$aSégur, Benoît$4drt
=700  1\$aBatman, Jeffrey$4nrt
=773  0\$dParis, France : ZED, 1990
=856  40$uhttp://www.aspresolver.com/aspresolver.asp?ANTH;1869367$yAlexander Street Press Ethnographic Video Online
=859  \\$aORR$bAlexander Street Press
=883  0\$aLanguage codes assigned by Bayesian analysis of words present in record$d20201028$qUk$c0.9010
=985  \\$aUpgraded by BSS-generated file for WR2011-1472
=CAT  \\$aWR13_071$b00$c20130610$lBLL01$h1613
=CAT  \\$aBATCH$b00$c20130610$lBLL01$h1613
=CAT  \\$aWR16_088$c20160606$lBLL01$h1632
=CAT  \\$aW1610-0368$c20161006$lBLL01$h0938
=CAT  \\$aW1606-1753$c20171028$lBLL01$h1352
=CAT  \\$aW2011-1472$b00$c20201127$lBLL01$h1833
=FIN  \\$aY$d20130610
=LAS  \\$aW2011-1472$b00$c20201127$lBLL01$h1833

