=LDR  02091 gm a2200505uu 4500
=001  016428616
=003  Uk
=005  20201127183332.0
=008  100813s1982\\\\xx\|||\|||||||||||mleng\d
=FMT  \\$a  VM
=035  \\$aASP765506/ant1
=245  00$aTo Find the Baruya Story: An Anthropologist at Work with a New Guinea Tribe
=260  \\$aWatertown, MA$bDocumentary Educational Resources (DER)$c1982
=306  \\$a59 minutes
=490  0\$aEthnographic Video Online, Volume 1
=505  00$aThis multi-faceted film, photographed in both 1969 and 1982, illustrates an anthropologist's actual fieldwork methods and personal relationships among the Baruya, and provides and in-depth view of the Baruya's traditional salt-based economic system.
=546  \\$aIn English
=650  04$aBaruya
=650  \4$aAnthropology
=650  \4$aTools
=650  \4$aAgriculture
=650  \4$aCultural change and history
=650  \4$aField work for anthropology
=650  \4$aCultural identity
=650  \4$aTribal and national groups
=700  1\$aJablonko, Allison$4pro
=700  1\$aOlsson, Stephen.$4pro
=700  1\$aOlsson, Stephen.$4aut
=700  1\$aJablonko, Allison$4drt
=700  1\$aOlsson, Stephen.$4drt
=700  1\$aGodelier, Maurice.$4oth
=773  0\$dWatertown, MA : Documentary Educational Resources (DER), 1982
=856  40$uhttp://www.aspresolver.com/aspresolver.asp?ANTH;765506$yAlexander Street Press Ethnographic Video Online
=859  \\$aORR$bAlexander Street Press
=883  0\$aLanguage codes assigned by Bayesian analysis of words present in record$d20201028$qUk$c0.9010
=985  \\$aUpgraded by BSS-generated file for WR2011-1472
=CAT  \\$aWR13_071$b00$c20130610$lBLL01$h1613
=CAT  \\$aBATCH$b00$c20130610$lBLL01$h1613
=CAT  \\$aWR16_088$c20160606$lBLL01$h1632
=CAT  \\$aBATCH-UPD$b00$c20160606$lBLL01$h1636
=CAT  \\$aW1610-0368$c20161006$lBLL01$h0938
=CAT  \\$aW1606-1753$c20171028$lBLL01$h1352
=CAT  \\$aW2011-1472$b00$c20201127$lBLL01$h1833
=FIN  \\$aY$d20130610
=LAS  \\$aW2011-1472$b00$c20201127$lBLL01$h1833

