=LDR  02004 gm a2200445uu 4500
=001  016428618
=003  Uk
=005  20201127183332.0
=008  100813s1982\\\\xx\|||\|||||||||||mleng\d
=FMT  \\$a  VM
=035  \\$aASP765510/ant1
=245  00$aTo Serve the Gods
=260  \\$aWatertown, MA$bDocumentary Educational Resources (DER)$c1982
=306  \\$a33 minutes
=490  0\$aEthnographic Video Online, Volume 1
=505  00$aTo Serve the Gods is about the beliefs, rituals and performances of a week-long ceremony given by a Haitian family in honor of its ancestral spirits. We are told at the outset of the film that this sevis loua only occurs every twenty to thirty years. This particular service takes place in a rural community in southern Haiti, on family land, where relatives have gathered to propitiate gods inherited by their ancestors.
=546  \\$aIn English
=650  04$aHaitian
=650  \4$aReligion
=650  \4$aReligious beliefs
=650  \4$aReligious rites and ceremonies
=650  \4$aVoodooism
=700  1\$aKramer, Karen.$4aut
=700  1\$aLowenthal, Ira$4aut
=700  1\$aKramer, Karen.$4drt
=700  1\$aGenke, John.$4nrt
=773  0\$dWatertown, MA : Documentary Educational Resources (DER), 1982
=856  40$uhttp://www.aspresolver.com/aspresolver.asp?ANTH;765510$yAlexander Street Press Ethnographic Video Online
=859  \\$aORR$bAlexander Street Press
=883  0\$aLanguage codes assigned by Bayesian analysis of words present in record$d20201028$qUk$c0.9010
=985  \\$aUpgraded by BSS-generated file for WR2011-1472
=CAT  \\$aWR13_071$b00$c20130610$lBLL01$h1613
=CAT  \\$aBATCH$b00$c20130610$lBLL01$h1613
=CAT  \\$aBATCH-UPD$b00$c20160302$lBLL01$h2026
=CAT  \\$aWR16_088$c20160606$lBLL01$h1632
=CAT  \\$aW1610-0368$c20161006$lBLL01$h0938
=CAT  \\$aW1606-1753$c20171028$lBLL01$h1352
=CAT  \\$aW2011-1472$b00$c20201127$lBLL01$h1833
=FIN  \\$aY$d20130610
=LAS  \\$aW2011-1472$b00$c20201127$lBLL01$h1833

