=LDR  01874 gm a2200457uu 4500
=001  016428619
=003  Uk
=005  20201127183332.0
=008  100813s2002\\\\xx\|||\|||||||||||mleng\d
=FMT  \\$a  VM
=035  \\$aASP765512/ant1
=245  00$aTo the Land of Bliss
=260  \\$aWatertown, MA$bDocumentary Educational Resources (DER)$c2002
=306  \\$a47 minutes
=490  0\$aEthnographic Video Online, Volume 1
=505  00$aRecorded in 1998
=520  3\$aTo the Land of Bliss is an intimate portrayal of the Chinese Pure Land Buddhist way of dying and living. In 1998, the filmmaker/anthropologist Wen-jie Qin returned to her home region in Sichuan Province in southwest China to research the post-Mao revival of Buddhism.
=546  \\$aIn English
=650  04$aChinese
=650  \4$aAfterlife
=650  \4$aReligious beliefs
=650  \4$aFunerals
=650  \4$aReligious rites and ceremonies
=650  \4$aBuddhism
=700  1\$aQin, Wen-jie.$4aut
=700  1\$aQin, Wen-jie.$4drt
=700  1\$aQin, Wen-jie.$4nrt
=773  0\$dWatertown, MA : Documentary Educational Resources (DER), 2002
=856  40$uhttp://www.aspresolver.com/aspresolver.asp?ANTH;765512$yAlexander Street Press Ethnographic Video Online
=859  \\$aORR$bAlexander Street Press
=883  0\$aLanguage codes assigned by Bayesian analysis of words present in record$d20201028$qUk$c0.9010
=985  \\$aUpgraded by BSS-generated file for WR2011-1472
=CAT  \\$aWR13_071$b00$c20130610$lBLL01$h1613
=CAT  \\$aBATCH$b00$c20130610$lBLL01$h1613
=CAT  \\$aWR16_088$c20160606$lBLL01$h1632
=CAT  \\$aBATCH-UPD$b00$c20160606$lBLL01$h1636
=CAT  \\$aW1610-0368$c20161006$lBLL01$h0938
=CAT  \\$aW1606-1753$c20171028$lBLL01$h1352
=CAT  \\$aW2011-1472$b00$c20201127$lBLL01$h1833
=FIN  \\$aY$d20130610
=LAS  \\$aW2011-1472$b00$c20201127$lBLL01$h1833

