=LDR  02168 gm a2200529uu 4500
=001  016428620
=003  Uk
=005  20201127183332.0
=008  100813s2008\\\\xx\|||\|||||||||||mleng\d
=FMT  \\$a  VM
=035  \\$aASP765514/ant1
=245  00$aToday the Hawk Takes One Chick
=260  \\$aWatertown, MA$bDocumentary Educational Resources (DER)$c2008
=306  \\$a71 minutes
=490  0\$aEthnographic Video Online, Volume 1
=505  00$aAmidst the highest prevalence of HIV in the world and the lowest life expectancy, three grandmothers in Swaziland, a small, landlocked country in southern Africa between South Africa and Mozambique, cope in this critical moment in time. The generation between the grandmothers and their grandchildren has been severely effected by HIV.
=546  \\$aIn Swati (Swazi), Subtitles in English
=650  04$aSwazi
=650  \4$aRural population
=650  \4$aFamily
=650  \4$aCare issues
=650  \4$aOrphans
=650  \4$aGrandmothers
=650  \4$aAIDS
=650  \4$aEpidemics
=650  \4$aDaily life
=700  1\$aDaoust, Pat, MSN, RN$4pro
=700  1\$aGillooly, Jane.$4pro
=700  1\$aGillooly, Jane.$4aut
=700  1\$aGillooly, Jane.$4drt
=700  1\$aMathunjwa, Thandiwe.$4oth
=700  1\$aShongwe, Maria.$4oth
=700  1\$aSkhosana, Albertina.$4oth
=773  0\$dWatertown, MA : Documentary Educational Resources (DER), 2008
=856  40$uhttp://www.aspresolver.com/aspresolver.asp?ANTH;765514$yAlexander Street Press Ethnographic Video Online
=859  \\$aORR$bAlexander Street Press
=883  0\$aLanguage codes assigned by Bayesian analysis of words present in record$d20201028$qUk$c0.9010
=985  \\$aUpgraded by BSS-generated file for WR2011-1472
=CAT  \\$aWR13_071$b00$c20130610$lBLL01$h1613
=CAT  \\$aBATCH$b00$c20130610$lBLL01$h1613
=CAT  \\$aWR16_088$c20160606$lBLL01$h1632
=CAT  \\$aBATCH-UPD$b00$c20160606$lBLL01$h1636
=CAT  \\$aW1610-0368$c20161006$lBLL01$h0938
=CAT  \\$aW1606-1753$c20171028$lBLL01$h1352
=CAT  \\$aW2011-1472$b00$c20201127$lBLL01$h1833
=FIN  \\$aY$d20130610
=LAS  \\$aW2011-1472$b00$c20201127$lBLL01$h1833

