=LDR  01965 gm a2200505uu 4500
=001  016428621
=003  Uk
=005  20201127183332.0
=008  100813s1981\\\\xx\|||\|||||||||||mleng\d
=FMT  \\$a  VM
=035  \\$aASP765516/ant1
=245  00$aTough, Pretty or Smart
=260  \\$aWatertown, MA$bDocumentary Educational Resources (DER)$c1981
=306  \\$a29 minutes
=490  0\$aEthnographic Video Online, Volume 1
=505  00$aTough, Pretty or Smart portrays The Patoka Valley Boys, a six-person string band comprising one of America's finest old-time and bluegrass musical groups. Through their own words, the "Boys" proclaim their love for their music.
=546  \\$aIn English
=650  04$aAmerican
=650  \4$aRural population
=650  \4$aMusic
=650  \4$aCoal mining
=650  \4$aMusicians
=650  \4$aFolk music
=700  1\$aBustin, Dillon.$4aut
=700  1\$aBustin, Dillon.$4drt
=700  1\$aKane, Richard.$4drt
=700  1\$aBailey, Randy$4oth
=700  1\$aPhillips, Hector$4oth
=700  1\$aRothrock, Tony$4oth
=700  1\$aSwain, Red$4oth
=700  1\$aWoolsey, Jimmy$4oth
=773  0\$dWatertown, MA : Documentary Educational Resources (DER), 1981
=856  40$uhttp://www.aspresolver.com/aspresolver.asp?ANTH;765516$yAlexander Street Press Ethnographic Video Online
=859  \\$aORR$bAlexander Street Press
=883  0\$aLanguage codes assigned by Bayesian analysis of words present in record$d20201028$qUk$c0.9010
=985  \\$aUpgraded by BSS-generated file for WR2011-1472
=CAT  \\$aWR13_071$b00$c20130610$lBLL01$h1613
=CAT  \\$aBATCH$b00$c20130610$lBLL01$h1613
=CAT  \\$aWR16_088$c20160606$lBLL01$h1632
=CAT  \\$aBATCH-UPD$b00$c20160606$lBLL01$h1636
=CAT  \\$aW1610-0368$c20161006$lBLL01$h0938
=CAT  \\$aW1606-1753$c20171028$lBLL01$h1352
=CAT  \\$aW2011-1472$b00$c20201127$lBLL01$h1833
=FIN  \\$aY$d20130610
=LAS  \\$aW2011-1472$b00$c20201127$lBLL01$h1833

