=LDR  04797 gm a2200469uu 4500
=001  016428622
=003  Uk
=005  20201127183332.0
=008  100813s1972\\\\xx\|||\|||||||||||mleng\d
=FMT  \\$a  VM
=035  \\$aASP1879456/ant1
=245  00$aTrading Society of Western Nepal
=260  \\$aLondon, UK$bRoyal Anthropological Institute$c1972
=306  \\$a54 minutes
=490  0\$aEthnographic Video Online, Volume 1
=505  00$aRecorded in 1972
=520  3\$aMade in 1972, this film is concerned with the traditional trans-Himalayan trade which links the relatively low-altitude, grain-growing regions of Nepal with high-altitude Tibet, the traditional source of most of the salt and wool imported by Nepal. It also provides information about and illustration of the ways of life and the history of the diverse peoples in the areas through which the trade passes. In the past the economy of the mountain areas depended on the trade and even now, in spite of recent economic and political changes in the area, the trade is still significant although much diminished in quantity. In medieval times western Nepal and the adjoining areas of Tibet were included within a kingdom ruled by the Malla dynasty, and the film begins at Dullu, once the southern capital of the Malla kings. Inscriptions on stone monuments standing among ordinary village houses contain the genealogies of the Malla kings and have made possible the reconstruction of the history of that part of western Nepal.The film follows the trade-route ascending from Dullu to Jumla, the head-quarters of a district of the same name. This district is the home of high-caste Hindus, who penetrated into the hills at the time of the Muslim invasions of Northern India. The film shows the villages and agricultural methods of these mountain peasants, and the section devoted to the Nepali-speaking Hindu farmers living at altitudes between 5,000 and 10,000 feet contains also a long sequence of a shamanistic performance with several shamans dancing in a state of trance. We are shown life on the banks of Lake Rara, the largest mountain lake in Nepal, where descendants of the former Jumla rajas have found refuge. A crossing by a rope-bridge of the Mugu Karnali river leads into the Humla region where Hindu castes have intermingled with Mongoloid populations influenced by Tibetan Buddhism. The area of Buddhist people of Tibetan speech and culture is reached at altitudes of 12,000 feet and above, and the film illustrates the daily life, farming and yak-herding activities and some ritual performances of these populations. The inauguration of a newly-reconstructed Buddhist temple (gompa), presided over by a Tibetan reincarnate lama, gives a brief view of typical lamaistic ritual of Mahayana Buddhism. The next section deals with a Bhotia village close to the Tibetan border. From the Nara Pass (16,000 feet) the camera looks into Tibet towards Taklakot, once an important trade mart and the winter capital of the Malla kingdom. The film shows the arrival of a Tibetan trading caravan consisting of hundreds of sheep and goats carrying bags of salt which are to be bartered for Nepalese rice and barley. There are also sequences of yak-caravans moving along perilous mountain paths. The rest of the film is devoted to the illustration of the streams I of trading groups moving before the onset of winter to the lower regions of Nepal and of their arrival in the broad valleys of the foothills. A short final sequence of a festival in the Kathmandu valley illustrates by way of contrast the diversity of the cultural pattern of Nepal from Kwakiutl consultants.
=546  \\$aIn English
=650  04$aNepalese
=650  04$aTibetan
=650  \4$aTrade routes
=650  \4$aCultural change and history
=650  \4$aCultural identity
=650  \4$aMountain crossings
=650  \4$aTrade
=650  \4$aBuddhism
=650  \4$aHinduism
=700  1\$avon Fürer-Haimendorf, Christoph$4drt
=700  1\$avon Fürer-Haimendorf, Christoph$4oth
=773  0\$dLondon, UK : Royal Anthropological Institute, 1972
=856  40$uhttp://www.aspresolver.com/aspresolver.asp?ANTH;1879456$yAlexander Street Press Ethnographic Video Online
=859  \\$aORR$bAlexander Street Press
=883  0\$aLanguage codes assigned by Bayesian analysis of words present in record$d20201028$qUk$c0.9010
=985  \\$aUpgraded by BSS-generated file for WR2011-1472
=CAT  \\$aWR13_071$b00$c20130610$lBLL01$h1613
=CAT  \\$aBATCH$b00$c20130610$lBLL01$h1613
=CAT  \\$aWR16_088$c20160606$lBLL01$h1632
=CAT  \\$aW1610-0368$c20161006$lBLL01$h0938
=CAT  \\$aW1606-1753$c20171028$lBLL01$h1352
=CAT  \\$aW2011-1472$b00$c20201127$lBLL01$h1833
=FIN  \\$aY$d20130610
=LAS  \\$aW2011-1472$b00$c20201127$lBLL01$h1833

