=LDR  02040 gm a2200505uu 4500
=001  016428623
=003  Uk
=005  20201127183332.0
=008  100813s1981\\\\xx\|||\|||||||||||mleng\d
=FMT  \\$a  VM
=035  \\$aASP765518/ant1
=245  00$aTragada Bhavai: A Rural Theater Troupe Of Gujarat
=260  \\$aWatertown, MA$bDocumentary Educational Resources (DER)$c1981
=306  \\$a20 minutes
=490  0\$aEthnographic Video Online, Volume 1
=505  00$aBhavai is the traditional rural theater of Gujarat. Today there are only a few troups of Bhavai performers in India. This film follows one troup as it travels throughout the countryside, performing in villages for audiences of the poor Koli caste.
=546  \\$aIn Gujarati, Subtitles in English
=650  04$aIndian
=650  \4$aCultural identity
=650  \4$aDance
=650  \4$aMyths and legends
=650  \4$aGender
=650  \4$aSocial castes
=650  \4$aTheater
=700  1\$aSandall, Roger.$4pro
=700  1\$aJhala, Jayasinhji.$4aut
=700  1\$aSandall, Roger.$4aut
=700  1\$aJhala, Jayasinhji.$4drt
=700  1\$aSandall, Roger.$4drt
=700  1\$aAmra, Kalu$4oth
=700  1\$aJhala, Jayasinhji.$4oth
=773  0\$dWatertown, MA : Documentary Educational Resources (DER), 1981
=856  40$uhttp://www.aspresolver.com/aspresolver.asp?ANTH;765518$yAlexander Street Press Ethnographic Video Online
=859  \\$aORR$bAlexander Street Press
=883  0\$aLanguage codes assigned by Bayesian analysis of words present in record$d20201028$qUk$c0.9010
=985  \\$aUpgraded by BSS-generated file for WR2011-1472
=CAT  \\$aWR13_071$b00$c20130610$lBLL01$h1613
=CAT  \\$aBATCH$b00$c20130610$lBLL01$h1613
=CAT  \\$aWR16_088$c20160606$lBLL01$h1632
=CAT  \\$aBATCH-UPD$b00$c20160606$lBLL01$h1636
=CAT  \\$aW1610-0368$c20161006$lBLL01$h0938
=CAT  \\$aW1606-1753$c20171028$lBLL01$h1352
=CAT  \\$aW2011-1472$b00$c20201127$lBLL01$h1833
=FIN  \\$aY$d20130610
=LAS  \\$aW2011-1472$b00$c20201127$lBLL01$h1833

