=LDR  01930 gm a2200469uu 4500
=001  016428625
=003  Uk
=005  20201127183332.0
=008  100813s1988\\\\xx\|||\|||||||||||mleng\d
=FMT  \\$a  VM
=035  \\$aASP765468/ant1
=245  00$aThe Tree of Iron
=260  \\$aWatertown, MA$bDocumentary Educational Resources (DER)$c1988
=306  \\$a57 minutes
=490  0\$aEthnographic Video Online, Volume 1
=505  00$aThis is one of the few films to document archaeological work on ancient civilizations in Africa. It also deals with an important subject, African iron smelting, and presents convincing evidence for early indigenous technologies far more complex than previously expected.
=546  \\$aIn English
=650  04$aHaya
=650  \4$aCultural identity
=650  \4$aEnvironment
=650  \4$aCultural change and history
=650  \4$aInnovation and invention
=650  \4$aMetal-working
=650  \4$aArchaeology
=700  1\$aMuhly, Frank, Jr.$4aut
=700  1\$aMuhly, Frank, Jr.$4drt
=700  1\$aWescott, Don.$4nrt
=700  1\$aSchmidt, Peter.$4ctb
=773  0\$dWatertown, MA : Documentary Educational Resources (DER), 1988
=856  40$uhttp://www.aspresolver.com/aspresolver.asp?ANTH;765468$yAlexander Street Press Ethnographic Video Online
=859  \\$aORR$bAlexander Street Press
=883  0\$aLanguage codes assigned by Bayesian analysis of words present in record$d20201028$qUk$c0.9010
=985  \\$aUpgraded by BSS-generated file for WR2011-1472
=CAT  \\$aWR13_071$b00$c20130610$lBLL01$h1613
=CAT  \\$aBATCH$b00$c20130610$lBLL01$h1613
=CAT  \\$aWR16_088$c20160606$lBLL01$h1632
=CAT  \\$aBATCH-UPD$b00$c20160606$lBLL01$h1636
=CAT  \\$aW1610-0368$c20161006$lBLL01$h0938
=CAT  \\$aW1606-1753$c20171028$lBLL01$h1352
=CAT  \\$aW2011-1472$b00$c20201127$lBLL01$h1833
=FIN  \\$aY$d20130610
=LAS  \\$aW2011-1472$b00$c20201127$lBLL01$h1833

