=LDR  01527 gm a2200409uu 4500
=001  016428626
=003  Uk
=005  20201127183332.0
=008  100813s9999\\\\xx\|||\|||||||||||mleng\d
=FMT  \\$a  VM
=035  \\$aASP1689495/ant1
=245  00$aThe Tree of Knowledge
=260  \\$aRochester, NY$bEthnoscope
=306  \\$a22 minutes
=490  0\$aEthnographic Video Online, Volume 1
=505  00$aThis video shows the Totonac Indians of eastern central Mexico and their ceremonial Huehues dance.
=546  \\$aIn English, Spanish
=650  04$aTotonac
=650  \4$aSocial dances
=650  \4$aCultural identity
=650  \4$aTribal and national groups
=700  1\$aLane, Bruce.$4aut
=700  1\$aLane, Bruce.$4drt
=773  0\$dRochester, NY : Ethnoscope
=856  40$uhttp://www.aspresolver.com/aspresolver.asp?ANTH;1689495$yAlexander Street Press Ethnographic Video Online
=859  \\$aORR$bAlexander Street Press
=883  0\$aLanguage codes assigned by Bayesian analysis of words present in record$d20201028$qUk$c0.9010
=985  \\$aUpgraded by BSS-generated file for WR2011-1472
=CAT  \\$aWR13_071$b00$c20130610$lBLL01$h1613
=CAT  \\$aBATCH$b00$c20130610$lBLL01$h1613
=CAT  \\$aBATCH-UPD$b00$c20141221$lBLL01$h1553
=CAT  \\$aWR16_088$c20160606$lBLL01$h1632
=CAT  \\$aW1610-0368$c20161006$lBLL01$h0938
=CAT  \\$aW1606-1753$c20171028$lBLL01$h1352
=CAT  \\$aW2011-1472$b00$c20201127$lBLL01$h1833
=FIN  \\$aY$d20130610
=LAS  \\$aW2011-1472$b00$c20201127$lBLL01$h1833

