=LDR  01827 gm a2200433uu 4500
=001  016428627
=003  Uk
=005  20201127183332.0
=008  100813s1973\\\\xx\|||\|||||||||||mleng\d
=FMT  \\$a  VM
=035  \\$aASP1689493/ant1
=245  00$aThe Tree of Life
=260  \\$aRochester, NY$bEthnoscope$c1973
=306  \\$a28 minutes
=490  0\$aEthnographic Video Online, Volume 1
=505  00$a"Los Voladores" (The Flyers) is a 1500 year old rite performed by the Totonac Indians of eastern Mexico. Sacred to Quetzalcoatl, the ritual is at the spiritual heart of Mexico. Combines Mexican Indian dance, music, poetry and art in a meditation on our place in nature, on how to keep the world in balance by our lives.
=546  \\$aIn English
=650  04$aTotonac
=650  \4$aCultural identity
=650  \4$aSocial dances
=650  \4$aReligious rites and ceremonies
=650  \4$aTribal and national groups
=700  1\$aLane, Bruce.$4aut
=700  1\$aLane, Bruce.$4drt
=700  1\$aLane, Bruce.$4nrt
=773  0\$dRochester, NY : Ethnoscope, 1973
=856  40$uhttp://www.aspresolver.com/aspresolver.asp?ANTH;1689493$yAlexander Street Press Ethnographic Video Online
=859  \\$aORR$bAlexander Street Press
=883  0\$aLanguage codes assigned by Bayesian analysis of words present in record$d20201028$qUk$c0.9010
=985  \\$aUpgraded by BSS-generated file for WR2011-1472
=CAT  \\$aWR13_071$b00$c20130610$lBLL01$h1613
=CAT  \\$aBATCH$b00$c20130610$lBLL01$h1613
=CAT  \\$aBATCH-UPD$b00$c20141221$lBLL01$h1553
=CAT  \\$aWR16_088$c20160606$lBLL01$h1632
=CAT  \\$aW1610-0368$c20161006$lBLL01$h0938
=CAT  \\$aW1606-1753$c20171028$lBLL01$h1352
=CAT  \\$aW2011-1472$b00$c20201127$lBLL01$h1833
=FIN  \\$aY$d20130610
=LAS  \\$aW2011-1472$b00$c20201127$lBLL01$h1833

