=LDR  01929 gm a2200457uu 4500
=001  016428628
=003  Uk
=005  20201127183332.0
=008  100813s1992\\\\xx\|||\|||||||||||mleng\d
=FMT  \\$a  VM
=035  \\$aASP765522/ant1
=245  00$aTrekking on Tradition
=260  \\$aWatertown, MA$bDocumentary Educational Resources (DER)$c1992
=306  \\$a42 minutes
=490  0\$aEthnographic Video Online, Volume 1
=505  00$aThis program explores the effects of mountain tourism on a small village in rural Nepal and the often ironic nature of the resulting cross-cultural encounters. Recommended for Asian Studies, Environmental Studies, The Anthropology of Tourism, Global Economics, and Mountaineering enthusiasts
=546  \\$aIn English
=650  04$aNepalese
=650  \4$aCultural assimilation
=650  \4$aTravel
=650  \4$aEconomic development
=650  \4$aCultural change and history
=650  \4$aTourism industry
=700  1\$aRodes, Jennifer.$4pro
=700  1\$aRodes, Jennifer.$4aut
=700  1\$aRodes, Jennifer.$4drt
=700  1\$aGarcia, Jamie$4nrt
=773  0\$dWatertown, MA : Documentary Educational Resources (DER), 1992
=856  40$uhttp://www.aspresolver.com/aspresolver.asp?ANTH;765522$yAlexander Street Press Ethnographic Video Online
=859  \\$aORR$bAlexander Street Press
=883  0\$aLanguage codes assigned by Bayesian analysis of words present in record$d20201028$qUk$c0.9010
=985  \\$aUpgraded by BSS-generated file for WR2011-1472
=CAT  \\$aWR13_071$b00$c20130610$lBLL01$h1613
=CAT  \\$aBATCH$b00$c20130610$lBLL01$h1613
=CAT  \\$aWR16_088$c20160606$lBLL01$h1632
=CAT  \\$aBATCH-UPD$b00$c20160606$lBLL01$h1636
=CAT  \\$aW1610-0368$c20161006$lBLL01$h0938
=CAT  \\$aW1606-1753$c20171028$lBLL01$h1352
=CAT  \\$aW2011-1472$b00$c20201127$lBLL01$h1833
=FIN  \\$aY$d20130610
=LAS  \\$aW2011-1472$b00$c20201127$lBLL01$h1833

