=LDR  01954 gm a2200505uu 4500
=001  016428629
=003  Uk
=005  20201127183332.0
=008  100813s2000\\\\xx\|||\|||||||||||mleng\d
=FMT  \\$a  VM
=035  \\$aASP764412/ant1
=245  00$aA Trial in East Kalimantan: The Benoaq Dayak Resistance
=260  \\$aWatertown, MA$bDocumentary Educational Resources (DER)$c2000
=306  \\$a50 minutes
=490  0\$aEthnographic Video Online, Volume 1
=505  00$aRecorded in 1999
=520  3\$aThis film, shot in Indonesia in 1999, gives us a rare insider's look at the beginnings of democracy during a period of political unrest and economic turmoil throughout the country.
=546  \\$aIn English, Subtitles in English
=650  04$aBenoaq
=650  04$aDayak
=650  \4$aProperty rights
=650  \4$aPrisoners
=650  \4$aSocial activists
=650  \4$aJustice
=650  \4$aTrials
=700  1\$aFoley, Karma.$4pro
=700  1\$aRay, Sandeep$4aut
=700  1\$aRay, Sandeep$4drt
=700  1\$aDukung, Petrus$4oth
=700  1\$aTawwakng, Benyamin$4oth
=700  1\$aLugton, John$4nrt
=773  0\$dWatertown, MA : Documentary Educational Resources (DER), 2000
=856  40$uhttp://www.aspresolver.com/aspresolver.asp?ANTH;764412$yAlexander Street Press Ethnographic Video Online
=859  \\$aORR$bAlexander Street Press
=883  0\$aLanguage codes assigned by Bayesian analysis of words present in record$d20201028$qUk$c0.9010
=985  \\$aUpgraded by BSS-generated file for WR2011-1472
=CAT  \\$aWR13_071$b00$c20130610$lBLL01$h1613
=CAT  \\$aBATCH$b00$c20130610$lBLL01$h1613
=CAT  \\$aWR16_088$c20160606$lBLL01$h1632
=CAT  \\$aBATCH-UPD$b00$c20160606$lBLL01$h1636
=CAT  \\$aW1610-0368$c20161006$lBLL01$h0938
=CAT  \\$aW1606-1753$c20171028$lBLL01$h1352
=CAT  \\$aW2011-1472$b00$c20201127$lBLL01$h1833
=FIN  \\$aY$d20130610
=LAS  \\$aW2011-1472$b00$c20201127$lBLL01$h1833

