=LDR  01794 gm a2200517uu 4500
=001  016428631
=003  Uk
=005  20201127183332.0
=008  100813s2007\\\\xx\|||\|||||||||||mleng\d
=FMT  \\$a  VM
=035  \\$aASP1646987/ant1
=245  00$aTribe, Series 3, Episode 3: Anuta
=260  \\$aLondon, England$bBritish Broadcasting Corporation (BBC)$c2007
=306  \\$a52 minutes
=490  0\$aEthnographic Video Online, Volume 1
=505  00$aIn English
=650  04$aAnutan
=650  \4$aHunting
=650  \4$aInfections
=650  \4$aEmotions and feelings
=650  \4$aChristianity
=650  \4$aCultural identity
=650  \4$aIslands
=650  \4$aTribal and national groups
=650  \4$aFood preservation
=650  \4$aFish
=700  1\$aSmith, James.$4pro
=700  1\$aParry, Bruce.$4aut
=700  1\$aSmith, James.$4drt
=700  1\$aHudson.$4oth
=700  1\$aParry, Bruce.$4nrt
=700  1\$aFeinberg, Richard.$4ctb
=773  0\$dLondon, England : British Broadcasting Corporation (BBC), 2007
=856  40$uhttp://www.aspresolver.com/aspresolver.asp?ANTH;1646987$yAlexander Street Press Ethnographic Video Online
=859  \\$aORR$bAlexander Street Press
=883  0\$aLanguage codes assigned by Bayesian analysis of words present in record$d20201028$qUk$c0.9010
=985  \\$aUpgraded by BSS-generated file for WR2011-1472
=CAT  \\$aWR13_071$b00$c20130610$lBLL01$h1613
=CAT  \\$aBATCH$b00$c20130610$lBLL01$h1613
=CAT  \\$aBATCH-UPD$b00$c20160411$lBLL01$h2050
=CAT  \\$aWR16_088$c20160606$lBLL01$h1632
=CAT  \\$aW1610-0368$c20161006$lBLL01$h0938
=CAT  \\$aW1606-1753$c20171028$lBLL01$h1352
=CAT  \\$aW2011-1472$b00$c20201127$lBLL01$h1833
=FIN  \\$aY$d20130610
=LAS  \\$aW2011-1472$b00$c20201127$lBLL01$h1833

