=LDR  01920 gm a2200481uu 4500
=001  016428635
=003  Uk
=005  20201127183332.0
=008  100813s1997\\\\xx\|||\|||||||||||mleng\d
=FMT  \\$a  VM
=035  \\$aASP765524/ant1
=245  00$aTsundu: Becoming a Lama
=260  \\$aWatertown, MA$bDocumentary Educational Resources (DER)$c1997
=306  \\$a19 minutes
=490  0\$aEthnographic Video Online, Volume 1
=505  00$aLobsang Tsundu is a 13 year old Tibetan boy living and studying to be a monk (Lama) in Kopan monastery, situated on a little hill at the edge of Katmandu valley. Following Tibetan tradition, Tsundu, the middle son, was chosen by his parents to be a monk.
=546  \\$aIn Tibetan, Subtitles in English
=650  04$aTibetan
=650  \4$aChildhood
=650  \4$aCultural identity
=650  \4$aBuddhism
=650  \4$aReligious training
=650  \4$aMonks
=700  1\$aGurung, Raju$4pro
=700  1\$aGurung, Raju$4aut
=700  1\$aGurung, Raju$4drt
=700  1\$aDhundup Dolma$4oth
=700  1\$aLhundrup$4oth
=700  1\$aLobsang Tsundu$4oth
=700  1\$aTsering Lhundup$4oth
=773  0\$dWatertown, MA : Documentary Educational Resources (DER), 1997
=856  40$uhttp://www.aspresolver.com/aspresolver.asp?ANTH;765524$yAlexander Street Press Ethnographic Video Online
=859  \\$aORR$bAlexander Street Press
=883  0\$aLanguage codes assigned by Bayesian analysis of words present in record$d20201028$qUk$c0.9010
=985  \\$aUpgraded by BSS-generated file for WR2011-1472
=CAT  \\$aWR13_071$b00$c20130610$lBLL01$h1613
=CAT  \\$aBATCH$b00$c20130610$lBLL01$h1613
=CAT  \\$aWR16_088$c20160606$lBLL01$h1632
=CAT  \\$aW1610-0368$c20161006$lBLL01$h0938
=CAT  \\$aW1606-1753$c20171028$lBLL01$h1352
=CAT  \\$aW2011-1472$b00$c20201127$lBLL01$h1833
=FIN  \\$aY$d20130610
=LAS  \\$aW2011-1472$b00$c20201127$lBLL01$h1833

