=LDR  02820 gm a2200469uu 4500
=001  016428636
=003  Uk
=005  20201127183332.0
=008  100813s9999\\\\xx\|||\|||||||||||mleng\d
=FMT  \\$a  VM
=035  \\$aASP765526/ant1
=245  00$aTubabs In Africa
=260  \\$aWatertown, MA$bDocumentary Educational Resources (DER)
=306  \\$a56 seconds
=490  0\$aEthnographic Video Online, Volume 1
=505  00$tTrack 1 of 1$tTubabs In Africa
=520  3\$aIn the Gambia, West Africa, locals have a name for foreigners; they call them "Tubabs" a term derived from "two bob", the standard fee British colonialists used to pay Gambians for odd jobs. In this film we follow a group of students from St. Mary's College in Maryland on a summerlong jaunt deep into the Gambia to study West African language and culture. The result is a story about a group of American teenagers traveling outside their comfort zones in search of adventure, knowledge and self-discovery.The filmmakers investigate issues surrounding modern-day colonialism, Westerner's relationship to developing countries, and the traditions of the Gambian people. The film serves as a meditation on that familiar topic, the study-abroad experience, and like any travel experience, the film is most entertaining when things go wrong. The bus breaks down, the students get lost, a mission goes awry, and the very moments that are the most awful at he time end up being the most memorable. Anyone who spent time overseas during college or high school, will see a reminder of their travels in this film and recall a bit of the Tubab in themselves.
=546  \\$aIn English
=650  04$aGambian
=650  \4$aCultural identity
=650  \4$aInternational travel
=650  \4$aColonialism
=700  1\$aFord, Michael.$4pro
=700  1\$aFlannery, Amy.$4aut
=700  1\$aFlannery, Mary,$d1956-
=700  1\$aFord, Michael.$4aut
=700  1\$aFlannery, Amy.$4drt
=773  0\$dWatertown, MA : Documentary Educational Resources (DER)
=856  40$uhttp://www.aspresolver.com/aspresolver.asp?ANTH;765526$yAlexander Street Press Ethnographic Video Online
=859  \\$aORR$bAlexander Street Press
=883  0\$aLanguage codes assigned by Bayesian analysis of words present in record$d20201028$qUk$c0.9010
=985  \\$aUpgraded by BSS-generated file for WR2011-1472
=CAT  \\$aWR13_071$b00$c20130610$lBLL01$h1613
=CAT  \\$aBATCH$b00$c20130610$lBLL01$h1613
=CAT  \\$a8962$b40$c20140919$lBLL01$h0857
=CAT  \\$aWR16_088$c20160606$lBLL01$h1632
=CAT  \\$aBATCH-UPD$b00$c20160606$lBLL01$h1636
=CAT  \\$aW1610-0368$c20161006$lBLL01$h0938
=CAT  \\$aW1606-1753$c20171028$lBLL01$h1352
=CAT  \\$aW2011-1472$b00$c20201127$lBLL01$h1833
=FIN  \\$aY$d20130610
=LAS  \\$aW2011-1472$b00$c20201127$lBLL01$h1833

