=LDR  01702 gm a2200433uu 4500
=001  016428642
=003  Uk
=005  20201127183332.0
=008  100813s1973\\\\xx\|||\|||||||||||mleng\d
=FMT  \\$a  VM
=035  \\$aASP765534/ant1
=245  00$aTwenty-One Dollars or Twenty-One Days
=260  \\$aWatertown, MA$bDocumentary Educational Resources (DER)$c1973
=306  \\$a8 seconds
=490  0\$aEthnographic Video Online, Volume 1
=505  00$tTrack 1 of 1$tTwenty-One Dollars or Twenty-One Days
=520  3\$aA man arrested for disorderly conduct and resisting arrest tells his story in night court.
=546  \\$aIn English
=650  04$aAmerican
=650  \4$aRacism
=650  \4$aLegal testimony
=650  \4$aRace relations
=650  \4$aPolice inquiries
=700  1\$aMarshall, John,$d1932-2005$4drt
=773  0\$dWatertown, MA : Documentary Educational Resources (DER), 1973
=856  40$uhttp://www.aspresolver.com/aspresolver.asp?ANTH;765534$yAlexander Street Press Ethnographic Video Online
=859  \\$aORR$bAlexander Street Press
=883  0\$aLanguage codes assigned by Bayesian analysis of words present in record$d20201028$qUk$c0.9010
=985  \\$aUpgraded by BSS-generated file for WR2011-1472
=CAT  \\$aWR13_071$b00$c20130610$lBLL01$h1613
=CAT  \\$aBATCH$b00$c20130610$lBLL01$h1613
=CAT  \\$a7416$b40$c20150203$lBLL01$h1147
=CAT  \\$aBATCH-UPD$b40$c20150203$lBLL01$h1148
=CAT  \\$aWR16_088$c20160606$lBLL01$h1632
=CAT  \\$aW1610-0368$c20161006$lBLL01$h0938
=CAT  \\$aW1606-1753$c20171028$lBLL01$h1352
=CAT  \\$aW2011-1472$b00$c20201127$lBLL01$h1833
=FIN  \\$aY$d20130610
=LAS  \\$aW2011-1472$b00$c20201127$lBLL01$h1833

