=LDR  02325 gm a2200457uu 4500
=001  016428645
=003  Uk
=005  20201127183332.0
=008  100813s9999\\\\xx\|||\|||||||||||mleng\d
=FMT  \\$a  VM
=035  \\$aASP1689414/ant1
=245  00$aTwo Indian Tribes in South America
=260  \\$aNew York, NY$bFilmakers Library
=306  \\$a52 minutes
=490  0\$aEthnographic Video Online, Volume 1
=490  0\$aThe Earth is Our Mother
=505  00$aAnthropologist and psychologist Peter Elsass studied two Indian tribes in Colombia and Venezuela over a 16-year period. In his film, The Earth is Our Mother (Part I), we see their different ways of dealing with encroaching white civilization. The Motilon Indians in the lowland of Venezuela gave up their traditional ways and became dependent on the Catholic missionaries who converted them. They became spiritually and economically impoverished. The Arhuaco Indians, in the mountains of northern Colombia, threw out the missionaries and maintained their cultural integrity. They have an abiding spiritual attachment to their land. Films in this series: The Earth is Our Mother, The Journey Back (Part II)
=546  \\$aIn English
=650  04$aMotilon
=650  04$aArhuacos (Ica, Ika, Bintuk)
=650  \4$aCultural change and history
=650  \4$aReligious missions
=650  \4$aCultural assimilation
=650  \4$aCultural identity
=650  \4$aTribal and national groups
=700  1\$aElsass, Peter.$4aut
=700  1\$aElsass, Peter.$4drt
=773  0\$dNew York, NY : Filmakers Library
=856  40$uhttp://www.aspresolver.com/aspresolver.asp?ANTH;1689414$yAlexander Street Press Ethnographic Video Online
=859  \\$aORR$bAlexander Street Press
=883  0\$aLanguage codes assigned by Bayesian analysis of words present in record$d20201028$qUk$c0.9010
=985  \\$aUpgraded by BSS-generated file for WR2011-1472
=CAT  \\$aWR13_071$b00$c20130610$lBLL01$h1613
=CAT  \\$aBATCH$b00$c20130610$lBLL01$h1613
=CAT  \\$aWR16_088$c20160606$lBLL01$h1632
=CAT  \\$aBATCH-UPD$b00$c20160606$lBLL01$h1636
=CAT  \\$aW1610-0368$c20161006$lBLL01$h0938
=CAT  \\$aW1606-1753$c20171028$lBLL01$h1352
=CAT  \\$aW2011-1472$b00$c20201127$lBLL01$h1833
=FIN  \\$aY$d20130610
=LAS  \\$aW2011-1472$b00$c20201127$lBLL01$h1833

