=LDR  01679 gm a2200433uu 4500
=001  016428648
=003  Uk
=005  20201127183332.0
=008  100813s1985\\\\xx\|||\|||||||||||mleng\d
=FMT  \\$a  VM
=035  \\$aASP764624/ant1
=245  00$aTwo Ways of Justice
=260  \\$aWatertown, MA$bDocumentary Educational Resources (DER)$c1985
=306  \\$a52 minutes
=490  0\$aEthnographic Video Online, Volume 1
=505  00$aYoung men are ritually prohibited from eating grain. Several of them steal one of the Laibon's goats and then must make reparations.
=546  \\$aIn English
=650  04$aMaasai
=650  \4$aAdolescence
=650  \4$aReligious rites and ceremonies
=650  \4$aLaw
=650  \4$aJustice
=650  \4$aRural population
=700  1\$aLlelewyn-Davies, Melissa$4aut
=700  1\$aLlelewyn-Davies, Melissa$4drt
=700  1\$aLlelewyn-Davies, Melissa$4oth
=773  0\$dWatertown, MA : Documentary Educational Resources (DER), 1985
=856  40$uhttp://www.aspresolver.com/aspresolver.asp?ANTH;764624$yAlexander Street Press Ethnographic Video Online
=859  \\$aORR$bAlexander Street Press
=883  0\$aLanguage codes assigned by Bayesian analysis of words present in record$d20201028$qUk$c0.9010
=985  \\$aUpgraded by BSS-generated file for WR2011-1472
=CAT  \\$aWR13_071$b00$c20130610$lBLL01$h1613
=CAT  \\$aBATCH$b00$c20130610$lBLL01$h1613
=CAT  \\$aWR16_088$c20160606$lBLL01$h1632
=CAT  \\$aW1610-0368$c20161006$lBLL01$h0938
=CAT  \\$aW1606-1753$c20171028$lBLL01$h1352
=CAT  \\$aW2011-1472$b00$c20201127$lBLL01$h1833
=FIN  \\$aY$d20130610
=LAS  \\$aW2011-1472$b00$c20201127$lBLL01$h1833

