=LDR  02025 gm a2200445uu 4500
=001  016428649
=003  Uk
=005  20201127183332.0
=008  100813s2008\\\\xx\|||\|||||||||||mleng\d
=FMT  \\$a  VM
=035  \\$aASP765538/ant1
=245  00$aUmiaq Skin Boat
=260  \\$aWatertown, MA$bDocumentary Educational Resources (DER)$c2008
=306  \\$a31 minutes
=490  0\$aEthnographic Video Online, Volume 1
=505  00$aUmiaq Skin Boat is a beautiful and poetic 30-minute film about a group of Inuit elders in Inukjuak, Quebec who decide one summer to build the first traditional seal skin boat their community has seen in over 50 years. Once an essential vessel for travel and for hunting large prey like bowhead whales, the umiaq has been replaced in modern times by canoes powered with out-board motors.
=546  \\$aIn English, Subtitles in English
=650  04$aInuit
=650  \4$aStorytelling
=650  \4$aBoats and ships
=650  \4$aCultural identity
=650  \4$aTribal and national groups
=700  1\$aSoukup, Katarina.$4pro
=700  1\$aWeetaluktuk, Jobie.$4aut
=700  1\$aWeetaluktuk, Jobie.$4drt
=773  0\$dWatertown, MA : Documentary Educational Resources (DER), 2008
=856  40$uhttp://www.aspresolver.com/aspresolver.asp?ANTH;765538$yAlexander Street Press Ethnographic Video Online
=859  \\$aORR$bAlexander Street Press
=883  0\$aLanguage codes assigned by Bayesian analysis of words present in record$d20201028$qUk$c0.9010
=985  \\$aUpgraded by BSS-generated file for WR2011-1472
=CAT  \\$aWR13_071$b00$c20130610$lBLL01$h1613
=CAT  \\$aBATCH$b00$c20130610$lBLL01$h1613
=CAT  \\$aBATCH-UPD$b00$c20130610$lBLL01$h1622
=CAT  \\$aWR16_088$c20160606$lBLL01$h1632
=CAT  \\$aBATCH-UPD$b00$c20160606$lBLL01$h1636
=CAT  \\$aW1610-0368$c20161006$lBLL01$h0938
=CAT  \\$aW1606-1753$c20171028$lBLL01$h1352
=CAT  \\$aW2011-1472$b00$c20201127$lBLL01$h1833
=FIN  \\$aY$d20130610
=LAS  \\$aW2011-1472$b00$c20201127$lBLL01$h1833

