=LDR  01970 gm a2200469uu 4500
=001  016428650
=003  Uk
=005  20201127183332.0
=008  100813s1999\\\\xx\|||\|||||||||||mleng\d
=FMT  \\$a  VM
=035  \\$aASP765540/ant1
=245  00$aUncle Poison
=260  \\$aWatertown, MA$bDocumentary Educational Resources (DER)$c1999
=306  \\$a60 minutes
=490  0\$aEthnographic Video Online, Volume 1
=505  00$aA healer on healing, medicine & religion...Filmed in the modern city of Caracas, capitol of Venezuela, Uncle Poison is an intimate portrait of a traditional faith healer, set against the backdrop of his community's Easter celebrations. Every day Benito Reyes receives people at his house looking for all sorts of cures.
=546  \\$aIn Spanish, Subtitles in English
=650  04$aVenezuelan
=650  \4$aEaster
=650  \4$aCatholicism
=650  \4$aPlants
=650  \4$aTraditional medicine
=650  \4$aHerbalism
=650  \4$aHealers
=700  1\$aLeizaola, Ricardo.$4pro
=700  1\$aLeizaola, Ricardo.$4aut
=700  1\$aLeizaola, Ricardo.$4drt
=700  1\$aBlanco, Benito Ryes$4oth
=773  0\$dWatertown, MA : Documentary Educational Resources (DER), 1999
=856  40$uhttp://www.aspresolver.com/aspresolver.asp?ANTH;765540$yAlexander Street Press Ethnographic Video Online
=859  \\$aORR$bAlexander Street Press
=883  0\$aLanguage codes assigned by Bayesian analysis of words present in record$d20201028$qUk$c0.9010
=985  \\$aUpgraded by BSS-generated file for WR2011-1472
=CAT  \\$aWR13_071$b00$c20130610$lBLL01$h1613
=CAT  \\$aBATCH$b00$c20130610$lBLL01$h1613
=CAT  \\$aWR16_088$c20160606$lBLL01$h1632
=CAT  \\$aBATCH-UPD$b00$c20160606$lBLL01$h1636
=CAT  \\$aW1610-0368$c20161006$lBLL01$h0938
=CAT  \\$aW1606-1753$c20171028$lBLL01$h1352
=CAT  \\$aW2011-1472$b00$c20201127$lBLL01$h1833
=FIN  \\$aY$d20130610
=LAS  \\$aW2011-1472$b00$c20201127$lBLL01$h1833

