=LDR  02605 gm a2200445uu 4500
=001  016428651
=003  Uk
=005  20201127183332.0
=008  100813s1998\\\\xx\|||\|||||||||||mleng\d
=FMT  \\$a  VM
=035  \\$aASP1689448/ant1
=245  00$aThe Unholy Tarahumara
=260  \\$aNew York, NY$bFilmakers Library$c1998
=306  \\$a56 minutes
=490  0\$aEthnographic Video Online, Volume 1
=505  00$aIn Mexico's vast and astonishing Copper Canyon area of Chihuahua, isolated from much of the world, live the Tarahumara Indians. Descendants of the Aztecs who fled the Spaniards, they live without electricity in spectacularly beautiful but rocky land where farming is difficult and game is scarce. Poor, and without resources, they are torn between the lure of modern life and maintaining their age-old traditions.In an unprecedented way, the filmmaker was able, over a period of five years, to document the ways of these gentle and reticent people. She overlays Tarahumara folk tales with footage of day-to-day life. The candid observations of one old Indian who would rather have modern comforts than preserve his traditions in poverty, provides an ironic note. One of the revelations is that the people who are thought to be very reserved are actually playful and delight in gossip. The Unholy Tarahumara is a poetic representation of a lifestyle and culture that normally is cloaked in secrecy.
=546  \\$aIn English, Spanish, Subtitles in English
=650  04$aTarahumara
=650  \4$aFolklore
=650  \4$aCultural change and history
=650  \4$aCultural assimilation
=650  \4$aTribal and national groups
=700  1\$aFerguson, Kathryn.$4pro
=700  1\$aFerguson, Kathryn.$4aut
=700  1\$aFerguson, Kathryn.$4drt
=700  1\$aLeon, Ventura$4oth
=773  0\$dNew York, NY : Filmakers Library, 1998
=856  40$uhttp://www.aspresolver.com/aspresolver.asp?ANTH;1689448$yAlexander Street Press Ethnographic Video Online
=859  \\$aORR$bAlexander Street Press
=883  0\$aLanguage codes assigned by Bayesian analysis of words present in record$d20201028$qUk$c0.9010
=985  \\$aUpgraded by BSS-generated file for WR2011-1472
=CAT  \\$aWR13_071$b00$c20130610$lBLL01$h1613
=CAT  \\$aBATCH$b00$c20130610$lBLL01$h1613
=CAT  \\$aWR16_088$c20160606$lBLL01$h1632
=CAT  \\$aBATCH-UPD$b00$c20160606$lBLL01$h1636
=CAT  \\$aW1610-0368$c20161006$lBLL01$h0938
=CAT  \\$aW1606-1753$c20171028$lBLL01$h1352
=CAT  \\$aW2011-1472$b00$c20201127$lBLL01$h1833
=FIN  \\$aY$d20130610
=LAS  \\$aW2011-1472$b00$c20201127$lBLL01$h1833

