=LDR  01828 gm a2200481uu 4500
=001  016428652
=003  Uk
=005  20201127183332.0
=008  100813s2007\\\\xx\|||\|||||||||||mleng\d
=FMT  \\$a  VM
=035  \\$aASP764342/ant1
=245  00$a(un)veiled: Muslim Women Talk About Hijab
=260  \\$aWatertown, MA$bDocumentary Educational Resources (DER)$c2007
=306  \\$a36 minutes
=490  0\$aEthnographic Video Online, Volume 1
=505  00$a(un)veiled introduces the audience to ten Muslim women from various backgrounds who now live in Dubai, United Arab Emirates, in a discussion about hijab, the headscarf.
=546  \\$aIn English
=650  04$aArab
=650  04$aEmirati
=650  \4$aFeminism
=650  \4$aReligion
=650  \4$aUrban life
=650  \4$aSexuality
=650  \4$aGender
=650  \4$aCultural participation
=650  \4$aWomen
=700  1\$aKanna, Ines Hofmann$4pro
=700  1\$aKanna, Ines Hofmann$4aut
=700  1\$aKanna, Ines Hofmann$4drt
=700  1\$aHamdan, Aisha (Laureen), MD$4oth
=773  0\$dWatertown, MA : Documentary Educational Resources (DER), 2007
=856  40$uhttp://www.aspresolver.com/aspresolver.asp?ANTH;764342$yAlexander Street Press Ethnographic Video Online
=859  \\$aORR$bAlexander Street Press
=883  0\$aLanguage codes assigned by Bayesian analysis of words present in record$d20201028$qUk$c0.9010
=985  \\$aUpgraded by BSS-generated file for WR2011-1472
=CAT  \\$aWR13_071$b00$c20130610$lBLL01$h1613
=CAT  \\$aBATCH$b00$c20130610$lBLL01$h1613
=CAT  \\$aWR16_088$c20160606$lBLL01$h1632
=CAT  \\$aW1610-0368$c20161006$lBLL01$h0938
=CAT  \\$aW1606-1753$c20171028$lBLL01$h1352
=CAT  \\$aW2011-1472$b00$c20201127$lBLL01$h1833
=FIN  \\$aY$d20130610
=LAS  \\$aW2011-1472$b00$c20201127$lBLL01$h1833

