=LDR  01910cgm a2200553uu 4500
=001  016428653
=003  Uk
=005  20201127183332.0
=008  100813s2006\\\\xx\|||\|||||||||||mleng\d
=FMT  \\$a  VM
=035  \\$aASP873488/ant1
=245  00$aUrban Garden
=260  \\$aAlexandria, VA$bAlexander Street Press$c2006
=306  \\$a38 minutes
=490  0\$aEthnographic Video Online, Volume 1
=505  00$aIn English
=600  14$aGiuliani, Rudy
=650  04$aAmerican
=650  \4$aCommunities
=650  \4$aUrban population
=650  \4$aGardens
=650  \4$aCities
=650  \4$aCultural change and history
=650  \4$aSocial activists
=700  1\$aSokolovsky, Jay.$4pro
=700  1\$aSokolovsky, Jay.$4aut
=700  1\$aChadwick, Annie$4oth
=700  1\$aDiaz, Enrique.$4oth
=700  1\$aGrandy, Jane$4oth
=700  1\$aLordahl, Gerard$4oth
=700  1\$aNaranjo, Ximena$4oth
=700  1\$aPearson, Tony.$4oth
=700  1\$aWashington, Karen.$4oth
=773  0\$dAlexandria, VA : Alexander Street Press, 2006
=856  40$uhttp://www.aspresolver.com/aspresolver.asp?ANTH;873488$yAlexander Street Press Ethnographic Video Online
=859  \\$aORR$bAlexander Street Press
=883  0\$aLanguage codes assigned by Bayesian analysis of words present in record$d20201028$qUk$c0.9010
=985  \\$aUpgraded by BSS-generated file for WR2011-1472
=CAT  \\$aWR13_071$b00$c20130610$lBLL01$h1613
=CAT  \\$aBATCH$b00$c20130610$lBLL01$h1613
=CAT  \\$aBATCH-UPD$b00$c20141223$lBLL01$h0044
=CAT  \\$aWR16_088$c20160606$lBLL01$h1632
=CAT  \\$aBATCH-UPD$b00$c20160606$lBLL01$h1636
=CAT  \\$aW1610-0368$c20161006$lBLL01$h0938
=CAT  \\$aW1606-1753$c20171028$lBLL01$h1352
=CAT  \\$aW2011-1472$b00$c20201127$lBLL01$h1833
=CAT  \\$aBATCH-UPD$b00$c20220410$lBLL01$h2053
=FIN  \\$aY$d20130610
=LAS  \\$aBATCH-UPD$b00$c20220410$lBLL01$h2053

