=LDR  02130 gm a2200505uu 4500
=001  016428654
=003  Uk
=005  20201127183332.0
=008  100813s2004\\\\xx\|||\|||||||||||mleng\d
=FMT  \\$a  VM
=035  \\$aASP765542/ant1
=245  00$aVaastu Marabu
=260  \\$aWatertown, MA$bDocumentary Educational Resources (DER)$c2004
=306  \\$a52 minutes
=490  0\$aEthnographic Video Online, Volume 1
=505  00$aRecorded in 1991
=520  3\$aThe Vishwakarmas, the holders of the architectural and artistic heritage in India, have maintained the skill and the theoretical basis essential for designing and executing almost all aspects of the man-made environment.Vaastu Marabu documents the theory and practice of the Vaastu tradition of Indian art, architecture, craft and design.
=546  \\$aIn English, Subtitles in English
=650  04$aIndian
=650  \4$aArt occupations
=650  \4$aHinduism
=650  \4$aCultural change and history
=650  \4$aCultural identity
=650  \4$aSculpture
=650  \4$aArchitecture
=700  1\$aAnanth, Sashikala.$4aut
=700  1\$aKailasam, Bala.$4drt
=700  1\$aAnanth, Sashikala.$4oth
=700  1\$aSthapati, Shri Ganapati$4oth
=700  1\$aNasser$4nrt
=773  0\$dWatertown, MA : Documentary Educational Resources (DER), 2004
=856  40$uhttp://www.aspresolver.com/aspresolver.asp?ANTH;765542$yAlexander Street Press Ethnographic Video Online
=859  \\$aORR$bAlexander Street Press
=883  0\$aLanguage codes assigned by Bayesian analysis of words present in record$d20201028$qUk$c0.9010
=985  \\$aUpgraded by BSS-generated file for WR2011-1472
=CAT  \\$aWR13_071$b00$c20130610$lBLL01$h1613
=CAT  \\$aBATCH$b00$c20130610$lBLL01$h1613
=CAT  \\$aWR16_088$c20160606$lBLL01$h1632
=CAT  \\$aBATCH-UPD$b00$c20160606$lBLL01$h1636
=CAT  \\$aW1610-0368$c20161006$lBLL01$h0938
=CAT  \\$aBATCH-UPD$b00$c20161216$lBLL01$h2024
=CAT  \\$aW1606-1753$c20171028$lBLL01$h1352
=CAT  \\$aW2011-1472$b00$c20201127$lBLL01$h1833
=FIN  \\$aY$d20130610
=LAS  \\$aW2011-1472$b00$c20201127$lBLL01$h1833

