=LDR  01685 gm a2200421uu 4500
=001  016428655
=003  Uk
=005  20201127183332.0
=008  100813s1971\\\\xx\|||\|||||||||||mleng\d
=FMT  \\$a  VM
=035  \\$aASP765544/ant1
=245  00$aVagrant Woman
=260  \\$aWatertown, MA$bDocumentary Educational Resources (DER)$c1971
=306  \\$a9 minutes
=490  0\$aEthnographic Video Online, Volume 1
=505  00$aAn unemployed woman who has been living in her car is questioned by the police. They offer her advice and finally take her to the Salvation Army.
=546  \\$aIn English
=650  04$aAmerican
=650  \4$aUnemployment
=650  \4$aHomeless life
=650  \4$aPolice officers
=700  1\$aMarshall, John,$d1932-2005$4aut
=700  1\$aMarshall, John,$d1932-2005$4drt
=773  0\$dWatertown, MA : Documentary Educational Resources (DER), 1971
=856  40$uhttp://www.aspresolver.com/aspresolver.asp?ANTH;765544$yAlexander Street Press Ethnographic Video Online
=859  \\$aORR$bAlexander Street Press
=883  0\$aLanguage codes assigned by Bayesian analysis of words present in record$d20201028$qUk$c0.9010
=985  \\$aUpgraded by BSS-generated file for WR2011-1472
=CAT  \\$aWR13_071$b00$c20130610$lBLL01$h1613
=CAT  \\$aBATCH$b00$c20130610$lBLL01$h1613
=CAT  \\$a7416$b40$c20150203$lBLL01$h1147
=CAT  \\$aBATCH-UPD$b40$c20150203$lBLL01$h1148
=CAT  \\$aWR16_088$c20160606$lBLL01$h1632
=CAT  \\$aW1610-0368$c20161006$lBLL01$h0938
=CAT  \\$aW1606-1753$c20171028$lBLL01$h1352
=CAT  \\$aW2011-1472$b00$c20201127$lBLL01$h1833
=FIN  \\$aY$d20130610
=LAS  \\$aW2011-1472$b00$c20201127$lBLL01$h1833

