=LDR  02208 gm a2200433uu 4500
=001  016428656
=003  Uk
=005  20201127183332.0
=008  100813s9999\\\\xx\|||\|||||||||||mleng\d
=FMT  \\$a  VM
=035  \\$aASP1879542/ant1
=245  00$aThe Vampire Fish
=260  \\$aParis, France$bZED
=306  \\$a25 minutes
=490  0\$aEthnographic Video Online, Volume 1
=505  00$aOn the northern coast of Kenya, the Bajun people practise an extraordinary traditional technique: remora fishing.In the waters once crossed by Sinbad the Sailor, the Bajun people practise an extraordinary traditional technique: remora fishing.Respected by everyone, once venerated as a god, the remora attaches itself to turtles, rays and sharks for its nourishment.The legend recounts that the remora sucks the blood of its victims to tire them out. Hence the name "vampire fish".Alphan lives north of the Kenyan coast, on one of the wildest islands in the Lamu archipelago, the island of Kiwayu, on the edge of the Indian Ocean.He used to be a sailor on a tanker and travelled all of the world's oceans. He gave it up however, to come home and live with his people.
=546  \\$aIn English
=650  04$aBajun
=650  \4$aSeafaring life
=650  \4$aCultural identity
=650  \4$aTribal and national groups
=650  \4$aMyths and legends
=650  \4$aFish
=700  1\$aCatteau, Manuel$4pro
=700  1\$aQueyrat, Jean$4drt
=700  1\$aWenger, Allan$4nrt
=773  0\$dParis, France : ZED
=856  40$uhttp://www.aspresolver.com/aspresolver.asp?ANTH;1879542$yAlexander Street Press Ethnographic Video Online
=859  \\$aORR$bAlexander Street Press
=883  0\$aLanguage codes assigned by Bayesian analysis of words present in record$d20201028$qUk$c0.9010
=985  \\$aUpgraded by BSS-generated file for WR2011-1472
=CAT  \\$aWR13_071$b00$c20130610$lBLL01$h1613
=CAT  \\$aBATCH$b00$c20130610$lBLL01$h1613
=CAT  \\$aWR16_088$c20160606$lBLL01$h1632
=CAT  \\$aW1610-0368$c20161006$lBLL01$h0938
=CAT  \\$aW1606-1753$c20171028$lBLL01$h1352
=CAT  \\$aW2011-1472$b00$c20201127$lBLL01$h1833
=FIN  \\$aY$d20130610
=LAS  \\$aW2011-1472$b00$c20201127$lBLL01$h1833

