=LDR  02008 gm a2200421uu 4500
=001  016428657
=003  Uk
=005  20201127183332.0
=008  100813s1975\\\\xx\|||\|||||||||||mleng\d
=FMT  \\$a  VM
=035  \\$aASP765548/ant1
=245  00$aVermont Kids
=260  \\$aWatertown, MA$bDocumentary Educational Resources (DER)$c1975
=306  \\$a58 minutes
=490  0\$aEthnographic Video Online, Volume 1
=505  00$aIn the summer of 1975 John Marshall and Roger Hart documented the outdoor play activities of the children in a small Vermont town. Roger had just completed his dissertation from Clark University on the geography of children. John's 13 hours of 16mm footage comprised part of his detailed research on children's outdoor lives, studying the role of play in children's psychological development as well as its relationship to their understanding of nature and their surroundings.
=546  \\$aIn English
=650  04$aAmerican
=650  \4$aChildhood
=650  \4$aChildren's play
=650  \4$aChildren
=700  1\$aMarshall, John,$d1932-2005$4aut
=700  1\$aMarshall, John,$d1932-2005$4drt
=773  0\$dWatertown, MA : Documentary Educational Resources (DER), 1975
=856  40$uhttp://www.aspresolver.com/aspresolver.asp?ANTH;765548$yAlexander Street Press Ethnographic Video Online
=859  \\$aORR$bAlexander Street Press
=883  0\$aLanguage codes assigned by Bayesian analysis of words present in record$d20201028$qUk$c0.9010
=985  \\$aUpgraded by BSS-generated file for WR2011-1472
=CAT  \\$aWR13_071$b00$c20130610$lBLL01$h1613
=CAT  \\$aBATCH$b00$c20130610$lBLL01$h1613
=CAT  \\$a7416$b40$c20150203$lBLL01$h1147
=CAT  \\$aBATCH-UPD$b40$c20150203$lBLL01$h1148
=CAT  \\$aWR16_088$c20160606$lBLL01$h1632
=CAT  \\$aW1610-0368$c20161006$lBLL01$h0938
=CAT  \\$aW1606-1753$c20171028$lBLL01$h1352
=CAT  \\$aW2011-1472$b00$c20201127$lBLL01$h1833
=FIN  \\$aY$d20130610
=LAS  \\$aW2011-1472$b00$c20201127$lBLL01$h1833

