=LDR  02018 gm a2200457uu 4500
=001  016428658
=003  Uk
=005  20201127183332.0
=008  100813s1978\\\\xx\|||\|||||||||||mleng\d
=FMT  \\$a  VM
=035  \\$aASP765550/ant1
=245  00$aVia Dolorosa (The Sorrowful Way)
=260  \\$aWatertown, MA$bDocumentary Educational Resources (DER)$c1978
=306  \\$a10 minutes
=490  0\$aEthnographic Video Online, Volume 1
=505  00$aEvery year, in the colonial city of Antigua, Guatemala, the "sorrowful way" of Good Friday is recreated by a path of colored sawdust and flower petals. Along this road several hundred people take turns carrying a ponderous mahoganybier. Indians from the surrounding countryside come to observe the spectacle of townspeople garbed in Biblical and Roman military uniforms.
=546  \\$aIn English
=650  04$aGuatemalan
=650  04$aMaya
=650  \4$aReligious rites and ceremonies
=650  \4$aHoly week
=650  \4$aCatholicism
=700  1\$aPayrastre, Georges.$4aut
=700  1\$aViallon, Claudine.$4aut
=700  1\$aPayrastre, Georges.$4drt
=700  1\$aViallon, Claudine.$4drt
=700  1\$aToffaletto, Don$4nrt
=773  0\$dWatertown, MA : Documentary Educational Resources (DER), 1978
=856  40$uhttp://www.aspresolver.com/aspresolver.asp?ANTH;765550$yAlexander Street Press Ethnographic Video Online
=859  \\$aORR$bAlexander Street Press
=883  0\$aLanguage codes assigned by Bayesian analysis of words present in record$d20201028$qUk$c0.9010
=985  \\$aUpgraded by BSS-generated file for WR2011-1472
=CAT  \\$aWR13_071$b00$c20130610$lBLL01$h1613
=CAT  \\$aBATCH$b00$c20130610$lBLL01$h1613
=CAT  \\$aWR16_088$c20160606$lBLL01$h1632
=CAT  \\$aBATCH-UPD$b00$c20160606$lBLL01$h1636
=CAT  \\$aW1610-0368$c20161006$lBLL01$h0938
=CAT  \\$aW1606-1753$c20171028$lBLL01$h1352
=CAT  \\$aW2011-1472$b00$c20201127$lBLL01$h1833
=FIN  \\$aY$d20130610
=LAS  \\$aW2011-1472$b00$c20201127$lBLL01$h1833

