=LDR  02064 gm a2200517uu 4500
=001  016428659
=003  Uk
=005  20201127183332.0
=008  100813s1995\\\\xx\|||\|||||||||||mleng\d
=FMT  \\$a  VM
=035  \\$aASP765552/ant1
=245  00$aVideo Cannibalism
=260  \\$aWatertown, MA$bDocumentary Educational Resources (DER)$c1995
=306  \\$a17 minutes
=490  0\$aEthnographic Video Online, Volume 1
=505  00$aThe Video in the Villages project introduces video among the Enauênê Nauê Indians, a group still isolated in the north of Mato Grosso. The 10th group to have been visited by the project, these Indians are very extroverted and respond with surprising, high-spirited performances.
=546  \\$aIn English
=650  04$aCinta Larga
=650  04$aEnauênê Nauê Indians
=650  \4$aViolence
=650  \4$aFilmmaking
=650  \4$aReligious rites and ceremonies
=650  \4$aCannibalism
=650  \4$aMyths and legends
=650  \4$aSex
=650  \4$aHumor
=650  \4$aJokes and pranks
=650  \4$aTribal and national groups
=650  \4$aCultural identity
=700  1\$aSeveriano, Mylton.$4aut
=700  1\$aCarelli, Vincent.$4drt
=700  1\$aKularenê$4oth
=773  0\$dWatertown, MA : Documentary Educational Resources (DER), 1995
=856  40$uhttp://www.aspresolver.com/aspresolver.asp?ANTH;765552$yAlexander Street Press Ethnographic Video Online
=859  \\$aORR$bAlexander Street Press
=883  0\$aLanguage codes assigned by Bayesian analysis of words present in record$d20201028$qUk$c0.9010
=985  \\$aUpgraded by BSS-generated file for WR2011-1472
=CAT  \\$aWR13_071$b00$c20130610$lBLL01$h1613
=CAT  \\$aBATCH$b00$c20130610$lBLL01$h1613
=CAT  \\$aWR16_088$c20160606$lBLL01$h1632
=CAT  \\$aBATCH-UPD$b00$c20160606$lBLL01$h1636
=CAT  \\$aW1610-0368$c20161006$lBLL01$h0938
=CAT  \\$aW1606-1753$c20171028$lBLL01$h1352
=CAT  \\$aW2011-1472$b00$c20201127$lBLL01$h1833
=FIN  \\$aY$d20130610
=LAS  \\$aW2011-1472$b00$c20201127$lBLL01$h1833

