=LDR  01620 gm a2200433uu 4500
=001  016428660
=003  Uk
=005  20201127183332.0
=008  100813s1989\\\\xx\|||\|||||||||||mleng\d
=FMT  \\$a  VM
=035  \\$aASP1869262/ant1
=245  00$aVoice of the Whip
=260  \\$aLondon, United Kingdom$bBritish Broadcasting Corporation (BBC)$c1989
=306  \\$a50 minutes
=490  0\$aEthnographic Video Online, Volume 1
=505  00$aIn Arabic, English, Subtitles in English
=650  04$aSudanese
=650  \4$aLivestock
=650  \4$aGeographical features
=650  \4$aCultural identity
=650  \4$aHerders
=700  1\$aWerner, Lou$4pro
=700  1\$aJohnston, Ned.$4drt
=700  1\$aMills, Roger.$4nrt
=773  0\$dLondon, United Kingdom : British Broadcasting Corporation (BBC), 1989
=856  40$uhttp://www.aspresolver.com/aspresolver.asp?ANTH;1869262$yAlexander Street Press Ethnographic Video Online
=859  \\$aORR$bAlexander Street Press
=883  0\$aLanguage codes assigned by Bayesian analysis of words present in record$d20201028$qUk$c0.9010
=985  \\$aUpgraded by BSS-generated file for WR2011-1472
=CAT  \\$aWR13_071$b00$c20130610$lBLL01$h1613
=CAT  \\$aBATCH$b00$c20130610$lBLL01$h1613
=CAT  \\$aBATCH-UPD$b00$c20141215$lBLL01$h0305
=CAT  \\$aBATCH-UPD$b00$c20160109$lBLL01$h1708
=CAT  \\$aWR16_088$c20160606$lBLL01$h1632
=CAT  \\$aW1610-0368$c20161006$lBLL01$h0938
=CAT  \\$aW1606-1753$c20171028$lBLL01$h1352
=CAT  \\$aW2011-1472$b00$c20201127$lBLL01$h1833
=FIN  \\$aY$d20130610
=LAS  \\$aW2011-1472$b00$c20201127$lBLL01$h1833

