=LDR  02407 gm a2200577uu 4500
=001  016428661
=003  Uk
=005  20201127183332.0
=008  100813s2008\\\\xx\|||\|||||||||||mleng\d
=FMT  \\$a  VM
=035  \\$aASP916339/ant1
=245  00$aVoice Through Film
=260  \\$aWatertown, MA$bDocumentary Educational Resources (DER)$c2008
=306  \\$a13 minutes
=490  0\$aEthnographic Video Online, Volume 1
=505  00$aThose With Voice documents current efforts in the Southern Mexican states of Oaxaca and Chiapas to produce what social scientists have dubbed "indigenous media."A pacifist group of radio engineers travel days to man the transmitter cabin in the hills of Chiapas, providing the surrounding communities with information about current events, family health, and national politics.
=546  \\$aIn English, Spanish, Subtitles in English
=650  04$aAmerican Indian
=650  04$aMexican
=650  \4$aRadio programs
=650  \4$aTelevision
=650  \4$aCultural change and history
=650  \4$aTribal and national groups
=650  \4$aFilms
=650  \4$aMass media
=700  1\$aArak, Jeff.$4pro
=700  1\$aArak, Jeff.$4aut
=700  1\$aArak, Jeff.$4drt
=700  1\$aCoyes, Gregory$4oth
=700  1\$aGolden, Charles.$4oth
=700  1\$aGómez, Filoteo$4oth
=700  1\$aHalkin, Alexandra.$4oth
=700  1\$aKöhler, Axel.$4oth
=700  1\$aVasquez, Paco.$4oth
=700  1\$aArak, Jeff.$4nrt
=773  0\$dWatertown, MA : Documentary Educational Resources (DER), 2008
=856  40$uhttp://www.aspresolver.com/aspresolver.asp?ANTH;916339$yAlexander Street Press Ethnographic Video Online
=859  \\$aORR$bAlexander Street Press
=883  0\$aLanguage codes assigned by Bayesian analysis of words present in record$d20201028$qUk$c0.9010
=985  \\$aUpgraded by BSS-generated file for WR2011-1472
=CAT  \\$aWR13_071$b00$c20130610$lBLL01$h1613
=CAT  \\$aBATCH$b00$c20130610$lBLL01$h1613
=CAT  \\$aBATCH-UPD$b00$c20130610$lBLL01$h1622
=CAT  \\$aWR16_088$c20160606$lBLL01$h1632
=CAT  \\$aBATCH-UPD$b00$c20160606$lBLL01$h1636
=CAT  \\$aW1610-0368$c20161006$lBLL01$h0938
=CAT  \\$aBATCH-UPD$b00$c20170319$lBLL01$h2044
=CAT  \\$aW1606-1753$c20171028$lBLL01$h1352
=CAT  \\$aW2011-1472$b00$c20201127$lBLL01$h1833
=FIN  \\$aY$d20130610
=LAS  \\$aW2011-1472$b00$c20201127$lBLL01$h1833

