=LDR  03151 gm a2200505uu 4500
=001  016428663
=003  Uk
=005  20201127183332.0
=008  100813s1993\\\\xx\|||\|||||||||||mleng\d
=FMT  \\$a  VM
=035  \\$aASP765560/ant1
=245  00$aVoices of Orchid Island
=260  \\$aWatertown, MA$bDocumentary Educational Resources (DER)$c1993
=306  \\$a73 minutes
=490  0\$aEthnographic Video Online, Volume 1
=505  00$aVoices of Orchid Island focuses on the Yami on Orchid Island, a small island located 45 miles off the southeast coast of Taiwan in the Pacific Ocean. The film explores the complex and often troubled relationship the Yami community has with the outside world by looking in detail at three different cases of "invasion" it has experienced.The film opens by directly addressing the suspicions the Yami have of outsiders. The visit of a Taiwan tour group to the island is fraught with cultural miscues, sometimes humorous in their absurdity, but there are also sobering hints of exploitation. By the end of this scene it is easy to understand why the Yami have forbidden tourists to photograph them. The second aspect the film deals with is the island's medical care. The film follows the one western-trained doctor on his rounds as he tries to introduce a basic level of modern medicine while confrontion a firmly entrenched set of local beliefs and traditions. Finally, the film documents the local anti-nuclear movement, the target of which is the nuclear waste dump the ROC government has built on the island. We hear representatives of the national govern- ment defend the site's safety while local people express their fears and concerns at having the site so near by. Woven throughout the film are views of Orchid Island's rugged, gorgeous scenery and its vibrant festivals.
=546  \\$aIn English, Subtitles in English
=650  04$aYami (Tao)
=650  \4$aEconomics
=650  \4$aCare issues
=650  \4$aPacific Islander ethnic groups
=650  \4$aCultural change and history
=650  \4$aCultural participation
=650  \4$aCultural identity
=650  \4$aTourism industry
=700  1\$aHu, Tai-Li$4pro
=700  1\$aHu, Tai-Li$4aut
=700  1\$aHu, Tai-Li$4drt
=700  1\$aDamabina, Topas$4oth
=700  1\$aHu, Tai-Li$4oth
=700  1\$aPozngit, Sy$4oth
=700  1\$aRapongan, Syaman$4oth
=773  0\$dWatertown, MA : Documentary Educational Resources (DER), 1993
=856  40$uhttp://www.aspresolver.com/aspresolver.asp?ANTH;765560$yAlexander Street Press Ethnographic Video Online
=859  \\$aORR$bAlexander Street Press
=883  0\$aLanguage codes assigned by Bayesian analysis of words present in record$d20201028$qUk$c0.9010
=985  \\$aUpgraded by BSS-generated file for WR2011-1472
=CAT  \\$aWR13_071$b00$c20130610$lBLL01$h1613
=CAT  \\$aBATCH$b00$c20130610$lBLL01$h1613
=CAT  \\$aWR16_088$c20160606$lBLL01$h1632
=CAT  \\$aW1610-0368$c20161006$lBLL01$h0938
=CAT  \\$aW1606-1753$c20171028$lBLL01$h1352
=CAT  \\$aW2011-1472$b00$c20201127$lBLL01$h1833
=FIN  \\$aY$d20130610
=LAS  \\$aW2011-1472$b00$c20201127$lBLL01$h1833

