=LDR  02357 gm a2200589uu 4500
=001  016428664
=003  Uk
=005  20201127183332.0
=008  100813s1988\\\\xx\|||\|||||||||||mleng\d
=FMT  \\$a  VM
=035  \\$aASP765564/ant1
=245  00$aWaiting for Cambodia
=260  \\$aWatertown, MA$bDocumentary Educational Resources (DER)$c1988
=306  \\$a58 minutes
=490  0\$aEthnographic Video Online, Volume 1
=505  00$aSince the fall of the genocidal Khmer Rouge regime in 1979, Cambodia has struggled to find its uniqueness and rebuild its society. Waiting For Cambodia features interviews and discussions with a variety of citizens, many of who represent a face of change and hope, and many who remain dedicated to the Khmer Rouge ideology.
=546  \\$aIn English, Subtitles in English
=650  04$aKhmer
=650  04$aVietnamese
=650  04$aCambodian
=650  \4$aPolitics
=650  \4$aCultural identity
=650  \4$aWar
=650  \4$aRefugee camps
=650  \4$aRefugees
=700  1\$aFeingold, David, Ph. D.$4pro
=700  1\$aFeingold, David, Ph. D.$4aut
=700  1\$aRobertson, Shari.$4aut
=700  1\$aRobertson, Shari.$4drt
=700  1\$aCeyrac, Pierre$4oth
=700  1\$aHatfield, Mark.$4oth
=700  1\$aHowe, Geoffrey,$d1926-2015$4oth
=700  1\$aRanariddh, Norodam$4oth
=700  1\$aSann, Son$4oth
=700  1\$aSolarz, Stephen J.$4oth
=700  1\$aThon, Thou$4oth
=700  1\$aOthmer, David$4nrt
=773  0\$dWatertown, MA : Documentary Educational Resources (DER), 1988
=856  40$uhttp://www.aspresolver.com/aspresolver.asp?ANTH;765564$yAlexander Street Press Ethnographic Video Online
=859  \\$aORR$bAlexander Street Press
=883  0\$aLanguage codes assigned by Bayesian analysis of words present in record$d20201028$qUk$c0.9010
=985  \\$aUpgraded by BSS-generated file for WR2011-1472
=CAT  \\$aWR13_071$b00$c20130610$lBLL01$h1613
=CAT  \\$aBATCH$b00$c20130610$lBLL01$h1613
=CAT  \\$aWR16_088$c20160606$lBLL01$h1632
=CAT  \\$aBATCH-UPD$b00$c20160606$lBLL01$h1636
=CAT  \\$aW1610-0368$c20161006$lBLL01$h0938
=CAT  \\$aW1606-1753$c20171028$lBLL01$h1352
=CAT  \\$a6491$b40$c20191205$lBLL01$h1132
=CAT  \\$aW2011-1472$b00$c20201127$lBLL01$h1833
=FIN  \\$aY$d20130610
=LAS  \\$aW2011-1472$b00$c20201127$lBLL01$h1833

