=LDR  02142 gm a2200493uu 4500
=001  016428665
=003  Uk
=005  20201127183332.0
=008  100813s2006\\\\xx\|||\|||||||||||mleng\d
=FMT  \\$a  VM
=035  \\$aASP765566/ant1
=245  00$aWalking Pilgrims (Arukihenro)
=260  \\$aWatertown, MA$bDocumentary Educational Resources (DER)$c2006
=306  \\$a73 minutes
=490  0\$aEthnographic Video Online, Volume 1
=505  00$aFor a great number of people, the main motive for undertaking a pilgrimage consists in the journey itself - wandering along a path leading away from the familiar place and at the same time leading towards oneself. The road movie and documentary Walking Pilgrims (Arukihenro) focuses on today's Japanese wandering pilgrims, as they undertake the 88 Temples' Pilgrimage that circles the Japanese island of Shikoku.
=546  \\$aIn Japanese, Subtitles in English
=650  04$aJapanese
=650  \4$aSight-seeing
=650  \4$aDeaths
=650  \4$aWalking
=650  \4$aBuddhism
=650  \4$aCultural change and history
=650  \4$aPilgrimage
=700  1\$aMendel, Tommi.$4pro
=700  1\$aMendel, Tommi.$4aut
=700  1\$aMendel, Tommi.$4drt
=700  1\$aToda, Atsuko.$4drt
=700  1\$aOkuni, Taikei$4oth
=700  1\$aOsada, Koichi$4oth
=773  0\$dWatertown, MA : Documentary Educational Resources (DER), 2006
=856  40$uhttp://www.aspresolver.com/aspresolver.asp?ANTH;765566$yAlexander Street Press Ethnographic Video Online
=859  \\$aORR$bAlexander Street Press
=883  0\$aLanguage codes assigned by Bayesian analysis of words present in record$d20201028$qUk$c0.9010
=985  \\$aUpgraded by BSS-generated file for WR2011-1472
=CAT  \\$aWR13_071$b00$c20130610$lBLL01$h1613
=CAT  \\$aBATCH$b00$c20130610$lBLL01$h1613
=CAT  \\$aWR16_088$c20160606$lBLL01$h1632
=CAT  \\$aBATCH-UPD$b00$c20160606$lBLL01$h1636
=CAT  \\$aW1610-0368$c20161006$lBLL01$h0938
=CAT  \\$aW1606-1753$c20171028$lBLL01$h1352
=CAT  \\$aW2011-1472$b00$c20201127$lBLL01$h1833
=FIN  \\$aY$d20130610
=LAS  \\$aW2011-1472$b00$c20201127$lBLL01$h1833

