=LDR  02012 gm a2200493uu 4500
=001  016428666
=003  Uk
=005  20201127183332.0
=008  100813s2004\\\\xx\|||\|||||||||||mleng\d
=FMT  \\$a  VM
=035  \\$aASP765568/ant1
=245  00$aWandering Warrior
=260  \\$aWatertown, MA$bDocumentary Educational Resources (DER)$c2004
=306  \\$a57 minutes
=490  0\$aEthnographic Video Online, Volume 1
=505  00$aIn 1983, at the age of 19, Maasai warrior Mpeti Ole Surum left his homeland in Southern Kenya. He left his cattle, sheep and goats. He moved from the community where he lived among other warriors to attend school and learn the English language; an opportunity unknown to others in his village.
=546  \\$aIn English
=650  04$aAmerican
=650  04$aMaasai
=650  \4$aEducation
=650  \4$aCultural assimilation
=650  \4$aLecturers
=650  \4$aTourism industry
=650  \4$aCultural identity
=650  \4$aTribal and national groups
=700  1\$aMoskow, Clifford$4pro
=700  1\$aRichards, Rhonda.$4pro
=700  1\$aMoskow, Clifford$4aut
=700  1\$aMoskow, Clifford$4drt
=700  1\$aSurum, Tom.$4oth
=773  0\$dWatertown, MA : Documentary Educational Resources (DER), 2004
=856  40$uhttp://www.aspresolver.com/aspresolver.asp?ANTH;765568$yAlexander Street Press Ethnographic Video Online
=859  \\$aORR$bAlexander Street Press
=883  0\$aLanguage codes assigned by Bayesian analysis of words present in record$d20201028$qUk$c0.9010
=985  \\$aUpgraded by BSS-generated file for WR2011-1472
=CAT  \\$aWR13_071$b00$c20130610$lBLL01$h1613
=CAT  \\$aBATCH$b00$c20130610$lBLL01$h1613
=CAT  \\$aWR16_088$c20160606$lBLL01$h1632
=CAT  \\$aBATCH-UPD$b00$c20160606$lBLL01$h1637
=CAT  \\$aW1610-0368$c20161006$lBLL01$h0938
=CAT  \\$aW1606-1753$c20171028$lBLL01$h1352
=CAT  \\$aW2011-1472$b00$c20201127$lBLL01$h1833
=FIN  \\$aY$d20130610
=LAS  \\$aW2011-1472$b00$c20201127$lBLL01$h1833

