=LDR  02754 gm a2200397uu 4500
=001  016428667
=003  Uk
=005  20201127183332.0
=008  100813s1998\\\\xx\|||\|||||||||||mleng\d
=FMT  \\$a  VM
=035  \\$aASP1779492/ant1
=245  00$aWandering Warrior
=260  \\$aNew York, NY$bFilmakers Library$c1998
=306  \\$a56 minutes
=490  0\$aEthnographic Video Online, Volume 1
=520  3\$aThis is a unique story of a leap across cultural boundaries as a Masai warrior from the pastoral valleys of southern Kenya adapts to life on the fast track in suburban Massachusetts. At age nineteen, Masai warrior Mpeti Ole Surum, met an American tourist on a safari in Kenya. This meeting changed his life forever. The American encouraged him to get an education and learn about the world beyond his valley. Changing his name to "Tom," he went to school and learned to read and write English. For several years he held different jobs at a resort, where he impressed guests by speaking about the Masai culture.Possessed of the courage and strength needed to kill lions, he also had the talent of a natural showman. Sent abroad to encourage tourism, Tom quickly became a sought after lecturer, entertainer and talk show guest. Today he has several agents booking his performances at schools and universities across the United States. Even the most complacent high school students sit up and take notice when Tom bellows tribal incantations across the stage while dressed in full hunting regalia.A self -styled cultural ambassador, Tom also shares what he has learned of America with young Masai. While he partakes of the bounty of American life, including Armani suits, a luxury car, and credit cards, he is still strongly attached to his tribe and its traditions.
=546  \\$aIn English
=600  14$aSurum, Tom.
=650  04$aMaasai
=650  \4$aCultural identity
=650  \4$aPerformers
=700  1\$aMoskow, Clifford$4pro
=773  0\$dNew York, NY : Filmakers Library, 1998
=856  40$uhttp://www.aspresolver.com/aspresolver.asp?ANTH;1779492$yAlexander Street Press Ethnographic Video Online
=859  \\$aORR$bAlexander Street Press
=883  0\$aLanguage codes assigned by Bayesian analysis of words present in record$d20201028$qUk$c0.9010
=985  \\$aUpgraded by BSS-generated file for WR2011-1472
=CAT  \\$aWR13_071$b00$c20130610$lBLL01$h1613
=CAT  \\$aBATCH$b00$c20130610$lBLL01$h1613
=CAT  \\$aWR16_088$c20160606$lBLL01$h1632
=CAT  \\$aBATCH-UPD$b00$c20160606$lBLL01$h1637
=CAT  \\$aW1610-0368$c20161006$lBLL01$h0938
=CAT  \\$aW1606-1753$c20171028$lBLL01$h1352
=CAT  \\$aW2011-1472$b00$c20201127$lBLL01$h1833
=FIN  \\$aY$d20130610
=LAS  \\$aW2011-1472$b00$c20201127$lBLL01$h1833

