=LDR  02393 gm a2200565uu 4500
=001  016428669
=003  Uk
=005  20201127183332.0
=008  100813s1992\\\\xx\|||\|||||||||||mleng\d
=FMT  \\$a  VM
=035  \\$aASP765572/ant1
=245  00$aWashington/Peru: We Ain't Winning!
=260  \\$aWatertown, MA$bDocumentary Educational Resources (DER)$c1992
=306  \\$a57 minutes
=490  0\$aEthnographic Video Online, Volume 1
=505  00$aIn Washington/Peru: We Ain't Winning!, producer David Feingold and director Shari Robertson investigate the situation in Peru in the early 1990s - a case that, according to one U.S. congressman, "defies all description and solution." Internal conflict rages between the government and Shining Path communist guerillas, while the United States military attempts to eradicate coca production in the countryside.
=546  \\$aIn Spanish, English, Subtitles in English
=650  04$aAmerican
=650  04$aPeruvian
=650  \4$aPolitics
=650  \4$aRebellions
=650  \4$aViolence
=650  \4$aCommunism
=650  \4$aCivil wars
=650  \4$aDrug trafficking
=650  \4$aIllegal drugs
=700  1\$aFeingold, David, Ph. D.$4pro
=700  1\$aFeingold, David, Ph. D.$4aut
=700  1\$aRobertson, Shari.$4aut
=700  1\$aRobertson, Shari.$4drt
=700  1\$aCoughlin, Lawrence$4oth
=700  1\$aFujimori, Alberto.$4oth
=700  1\$aRangel, Charles B.$4oth
=700  1\$aSmith, Lawrence J.$4oth
=700  1\$aTorricelli, Robert$4oth
=700  1\$aBrulatour, Pierre.$4nrt
=773  0\$dWatertown, MA : Documentary Educational Resources (DER), 1992
=856  40$uhttp://www.aspresolver.com/aspresolver.asp?ANTH;765572$yAlexander Street Press Ethnographic Video Online
=859  \\$aORR$bAlexander Street Press
=883  0\$aLanguage codes assigned by Bayesian analysis of words present in record$d20201028$qUk$c0.9010
=985  \\$aUpgraded by BSS-generated file for WR2011-1472
=CAT  \\$aWR13_071$b00$c20130610$lBLL01$h1613
=CAT  \\$aBATCH$b00$c20130610$lBLL01$h1613
=CAT  \\$aWR16_088$c20160606$lBLL01$h1632
=CAT  \\$aBATCH-UPD$b00$c20160606$lBLL01$h1637
=CAT  \\$aW1610-0368$c20161006$lBLL01$h0938
=CAT  \\$aW1606-1753$c20171028$lBLL01$h1352
=CAT  \\$aW2011-1472$b00$c20201127$lBLL01$h1833
=FIN  \\$aY$d20130610
=LAS  \\$aW2011-1472$b00$c20201127$lBLL01$h1833

