=LDR  02161 gm a2200541uu 4500
=001  016428671
=003  Uk
=005  20201127183332.0
=008  100813s1982\\\\xx\|||\|||||||||||mleng\d
=FMT  \\$a  VM
=035  \\$aASP765574/ant1
=245  00$aWater from Another Time
=260  \\$aWatertown, MA$bDocumentary Educational Resources (DER)$c1982
=306  \\$a29 minutes
=490  0\$aEthnographic Video Online, Volume 1
=505  00$aWater from Another Time is a documentary capturing the flavor of a life-style many of us have either forgotten or never known at all. The filmmakers visit three elderly residents of Orange County, Indiana, talk with them, enjoy their artistic creations, and learn something about the dignity and meaning of aging.
=546  \\$aIn English
=650  04$aAmerican
=650  \4$aCultural change and history
=650  \4$aPoets
=650  \4$aVisual artists
=650  \4$aRural population
=650  \4$aWater supply
=650  \4$aFolk music
=650  \4$aAging
=700  1\$aKane, Richard.$4pro
=700  1\$aBustin, Dillon.$4aut
=700  1\$aBustin, Dillon.$4drt
=700  1\$aKane, Richard.$4drt
=700  1\$aBoyd, Elmer.$4oth
=700  1\$aDickey, Lotus.$4oth
=700  1\$aDoane, Lois A.$4oth
=700  1\$aMoon, Ronnie.$4oth
=700  1\$aBustin, Dillon.$4nrt
=773  0\$dWatertown, MA : Documentary Educational Resources (DER), 1982
=856  40$uhttp://www.aspresolver.com/aspresolver.asp?ANTH;765574$yAlexander Street Press Ethnographic Video Online
=859  \\$aORR$bAlexander Street Press
=883  0\$aLanguage codes assigned by Bayesian analysis of words present in record$d20201028$qUk$c0.9010
=985  \\$aUpgraded by BSS-generated file for WR2011-1472
=CAT  \\$aWR13_071$b00$c20130610$lBLL01$h1613
=CAT  \\$aBATCH$b00$c20130610$lBLL01$h1613
=CAT  \\$aWR16_088$c20160606$lBLL01$h1632
=CAT  \\$aBATCH-UPD$b00$c20160606$lBLL01$h1637
=CAT  \\$aW1610-0368$c20161006$lBLL01$h0938
=CAT  \\$aW1606-1753$c20171028$lBLL01$h1352
=CAT  \\$aW2011-1472$b00$c20201127$lBLL01$h1833
=FIN  \\$aY$d20130610
=LAS  \\$aW2011-1472$b00$c20201127$lBLL01$h1833

