=LDR  02190 gm a2200541uu 4500
=001  016428672
=003  Uk
=005  20201127183332.0
=008  100813s1983\\\\xx\|||\|||||||||||mleng\d
=FMT  \\$a  VM
=035  \\$aASP765474/ant1
=245  00$aThe Water of Words: A Cultural Ecology of an Eastern Indonesian Island
=260  \\$aWatertown, MA$bDocumentary Educational Resources (DER)$c1983
=306  \\$a30 minutes
=490  0\$aEthnographic Video Online, Volume 1
=505  00$aThis film explores the poetry and ecology of the lontar (borassus) palm on the eastern Indonesian island of Roti. Anthropologist James J. Fox collaborated with the filmmakers to produce an account of the utilization of lontar, a tree that provides the mainstay of the Rotinese diet.
=546  \\$aIn English, Indonesian, Subtitles in English
=650  04$aRotinese
=650  \4$aEthnobotany
=650  \4$aMyths and legends
=650  \4$aRural population
=650  \4$aCultural change and history
=650  \4$aAgriculture
=650  \4$aAlcohol
=650  \4$aIslands
=650  \4$aTrees
=700  1\$aAsch, Patsy.$4aut
=700  1\$aAsch, Timothy.$4aut
=700  1\$aFox, James.$4aut
=700  1\$aAsch, Patsy.$4drt
=700  1\$aAsch, Timothy.$4drt
=700  1\$aFox, James.$4drt
=700  1\$aKiuk, Mias$4oth
=700  1\$aMalesi, Petrus$4oth
=773  0\$dWatertown, MA : Documentary Educational Resources (DER), 1983
=856  40$uhttp://www.aspresolver.com/aspresolver.asp?ANTH;765474$yAlexander Street Press Ethnographic Video Online
=859  \\$aORR$bAlexander Street Press
=883  0\$aLanguage codes assigned by Bayesian analysis of words present in record$d20201028$qUk$c0.9010
=985  \\$aUpgraded by BSS-generated file for WR2011-1472
=CAT  \\$aWR13_071$b00$c20130610$lBLL01$h1613
=CAT  \\$aBATCH$b00$c20130610$lBLL01$h1613
=CAT  \\$aWR16_088$c20160606$lBLL01$h1632
=CAT  \\$aBATCH-UPD$b00$c20160606$lBLL01$h1637
=CAT  \\$aW1610-0368$c20161006$lBLL01$h0938
=CAT  \\$aW1606-1753$c20171028$lBLL01$h1352
=CAT  \\$aW2011-1472$b00$c20201127$lBLL01$h1833
=FIN  \\$aY$d20130610
=LAS  \\$aW2011-1472$b00$c20201127$lBLL01$h1833

