=LDR  02192 gm a2200529uu 4500
=001  016428673
=003  Uk
=005  20201127183332.0
=008  100813s1989\\\\xx\|||\|||||||||||mleng\d
=FMT  \\$a  VM
=035  \\$aASP765476/ant1
=245  00$aThe Water Talks to Me
=260  \\$aWatertown, MA$bDocumentary Educational Resources (DER)$c1989
=306  \\$a29 minutes
=490  0\$aEthnographic Video Online, Volume 1
=505  00$aThe Water Talks to Me provides a close look at a traditional fishing community caught in the midst of change. Shot in the fishing port of Gloucester, Massachusetts, and on vessels in the North Atlantic, this half-hour documentary explores the impact of declining fish populations on the lives of two offshore fishermen, a father and son.
=546  \\$aIn English
=650  04$aAmerican
=650  \4$aEconomics
=650  \4$aEnvironment
=650  \4$aMaritime commerce occupations
=650  \4$aFamily affairs
=650  \4$aBusiness
=650  \4$aCommercial fishing
=700  1\$aCohen, Nancy Eve.$4pro
=700  1\$aCohen, Nancy Eve.$4aut
=700  1\$aCohen, Nancy Eve.$4drt
=700  1\$aBorge, David$4oth
=700  1\$aBorge, Norman$4oth
=700  1\$aFavaloro, Salvatore.$4oth
=700  1\$aNovello, Lena$4oth
=700  1\$aAdams, Noah.$4nrt
=773  0\$dWatertown, MA : Documentary Educational Resources (DER), 1989
=856  40$uhttp://www.aspresolver.com/aspresolver.asp?ANTH;765476$yAlexander Street Press Ethnographic Video Online
=859  \\$aORR$bAlexander Street Press
=883  0\$aLanguage codes assigned by Bayesian analysis of words present in record$d20201028$qUk$c0.9010
=985  \\$aUpgraded by BSS-generated file for WR2011-1472
=CAT  \\$aWR13_071$b00$c20130610$lBLL01$h1613
=CAT  \\$aBATCH$b00$c20130610$lBLL01$h1613
=CAT  \\$aWR16_088$c20160606$lBLL01$h1632
=CAT  \\$aBATCH-UPD$b00$c20160606$lBLL01$h1637
=CAT  \\$aW1610-0368$c20161006$lBLL01$h0938
=CAT  \\$aW1606-1753$c20171028$lBLL01$h1352
=CAT  \\$aBATCH-UPD$b00$c20200402$lBLL01$h2020
=CAT  \\$aW2011-1472$b00$c20201127$lBLL01$h1833
=FIN  \\$aY$d20130610
=LAS  \\$aW2011-1472$b00$c20201127$lBLL01$h1833

