=LDR  01941 gm a2200493uu 4500
=001  016428675
=003  Uk
=005  20201127183332.0
=008  100813s1997\\\\xx\|||\|||||||||||mleng\d
=FMT  \\$a  VM
=035  \\$aASP765576/ant1
=245  00$aWe Are Not Beggars
=260  \\$aWatertown, MA$bDocumentary Educational Resources (DER)$c1997
=306  \\$a30 minutes
=490  0\$aEthnographic Video Online, Volume 1
=505  00$aRecorded in 1995
=520  3\$aThis documentary depicts the life of several child street performers in a contemporary Chinese city. These children had been wandering the country as street performers for four years and are virtual "untouchables" to most Chinese.
=546  \\$aIn English, Subtitles in English
=650  04$aChinese
=650  \4$aDaily life
=650  \4$aPoverty
=650  \4$aBeggars
=650  \4$aChildren
=650  \4$aCultural change and history
=700  1\$aQin, Wen-jie.$4aut
=700  1\$aQin, Wen-jie.$4drt
=700  1\$aCui, Nana$4oth
=700  1\$aCui, Sihai$4oth
=700  1\$aCui, Xiaohua$4oth
=700  1\$aQin, Wen-jie.$4nrt
=773  0\$dWatertown, MA : Documentary Educational Resources (DER), 1997
=856  40$uhttp://www.aspresolver.com/aspresolver.asp?ANTH;765576$yAlexander Street Press Ethnographic Video Online
=859  \\$aORR$bAlexander Street Press
=883  0\$aLanguage codes assigned by Bayesian analysis of words present in record$d20201028$qUk$c0.9010
=985  \\$aUpgraded by BSS-generated file for WR2011-1472
=CAT  \\$aWR13_071$b00$c20130610$lBLL01$h1613
=CAT  \\$aBATCH$b00$c20130610$lBLL01$h1613
=CAT  \\$aWR16_088$c20160606$lBLL01$h1632
=CAT  \\$aBATCH-UPD$b00$c20160606$lBLL01$h1637
=CAT  \\$aW1610-0368$c20161006$lBLL01$h0938
=CAT  \\$aW1606-1753$c20171028$lBLL01$h1352
=CAT  \\$aW2011-1472$b00$c20201127$lBLL01$h1833
=FIN  \\$aY$d20130610
=LAS  \\$aW2011-1472$b00$c20201127$lBLL01$h1833

