=LDR  01826 gm a2200445uu 4500
=001  016428676
=003  Uk
=005  20201127183332.0
=008  100813s1997\\\\xx\|||\|||||||||||mleng\d
=FMT  \\$a  VM
=035  \\$aASP765580/ant1
=245  00$aWe Know How to Do These Things: Birth In a Newar Village
=260  \\$aWatertown, MA$bDocumentary Educational Resources (DER)$c1997
=306  \\$a40 minutes
=490  0\$aEthnographic Video Online, Volume 1
=505  00$aFor these villagers, giving birth is a family affair; while a young girl is in labor, the birth attendant, mother and mother-in-law alternate between lending a hand and story telling.
=546  \\$aIn English, Subtitles in English
=650  04$aNewar
=650  \4$aTribal and national groups
=650  \4$aFamily
=650  \4$aCultural identity
=650  \4$aCultural norms
=650  \4$aChildbirth
=700  1\$aJohnson, Barbara.$4pro
=700  1\$aJohnson, Barbara.$4aut
=700  1\$aJohnson, Barbara.$4drt
=773  0\$dWatertown, MA : Documentary Educational Resources (DER), 1997
=856  40$uhttp://www.aspresolver.com/aspresolver.asp?ANTH;765580$yAlexander Street Press Ethnographic Video Online
=859  \\$aORR$bAlexander Street Press
=883  0\$aLanguage codes assigned by Bayesian analysis of words present in record$d20201028$qUk$c0.9010
=985  \\$aUpgraded by BSS-generated file for WR2011-1472
=CAT  \\$aWR13_071$b00$c20130610$lBLL01$h1613
=CAT  \\$aBATCH$b00$c20130610$lBLL01$h1613
=CAT  \\$aWR16_088$c20160606$lBLL01$h1632
=CAT  \\$aBATCH-UPD$b00$c20160606$lBLL01$h1637
=CAT  \\$aW1610-0368$c20161006$lBLL01$h0938
=CAT  \\$aW1606-1753$c20171028$lBLL01$h1352
=CAT  \\$aW2011-1472$b00$c20201127$lBLL01$h1833
=FIN  \\$aY$d20130610
=LAS  \\$aW2011-1472$b00$c20201127$lBLL01$h1833

