=LDR  01825 gm a2200457uu 4500
=001  016428677
=003  Uk
=005  20201127183332.0
=008  100813s1997\\\\xx\|||\|||||||||||mleng\d
=FMT  \\$a  VM
=035  \\$aASP765582/ant1
=245  00$aWeaving the Future
=260  \\$aWatertown, MA$bDocumentary Educational Resources (DER)$c1997
=306  \\$a24 minutes
=490  0\$aEthnographic Video Online, Volume 1
=505  00$aWeaving the Future is a video portrait of a unique indigenous community living in the Andean highlands of northern Ecuador. The story of the Otavalo Indians is not a stereotypical tale of "isolated people struggling to survive."
=546  \\$aIn Spanish
=650  04$aOtavalo
=650  \4$aCrafts
=650  \4$aTrade
=650  \4$aCultural identity
=650  \4$aTribal and national groups
=650  \4$aWeaving
=650  \4$aTextile industry
=700  1\$aFreeman, Mark.$4pro
=700  1\$aFreeman, Mark.$4aut
=700  1\$aFreeman, Mark.$4drt
=773  0\$dWatertown, MA : Documentary Educational Resources (DER), 1997
=856  40$uhttp://www.aspresolver.com/aspresolver.asp?ANTH;765582$yAlexander Street Press Ethnographic Video Online
=859  \\$aORR$bAlexander Street Press
=883  0\$aLanguage codes assigned by Bayesian analysis of words present in record$d20201028$qUk$c0.9010
=985  \\$aUpgraded by BSS-generated file for WR2011-1472
=CAT  \\$aWR13_071$b00$c20130610$lBLL01$h1613
=CAT  \\$aBATCH$b00$c20130610$lBLL01$h1613
=CAT  \\$aWR16_088$c20160606$lBLL01$h1632
=CAT  \\$aBATCH-UPD$b00$c20160606$lBLL01$h1637
=CAT  \\$aW1610-0368$c20161006$lBLL01$h0938
=CAT  \\$aW1606-1753$c20171028$lBLL01$h1352
=CAT  \\$aW2011-1472$b00$c20201127$lBLL01$h1833
=FIN  \\$aY$d20130610
=LAS  \\$aW2011-1472$b00$c20201127$lBLL01$h1833

