=LDR  01814 gm a2200421uu 4500
=001  016428678
=003  Uk
=005  20201127183332.0
=008  100813s2002\\\\xx\|||\|||||||||||mleng\d
=FMT  \\$a  VM
=035  \\$aASP765584/ant1
=245  00$aWedding Through Camera Eyes: A Trilogy of Wedding Photography in Korea
=260  \\$aWatertown, MA$bDocumentary Educational Resources (DER)$c2002
=306  \\$a45 minutes
=490  0\$aEthnographic Video Online, Volume 1
=505  00$a"Honeymoon tour means nothing without photography."After viewing Wedding Through Camera Eyes, one has the sense that Korean weddings are held in order for the couples involved to create and preserve a fantasy of their relationship in video and carefully constructed photo albums.
=546  \\$aIn Korean, Subtitles in English
=650  04$aKorean
=650  \4$aHoneymoons
=650  \4$aMarriage
=650  \4$aWeddings
=650  \4$aPhotography
=700  1\$aChoi, Joonsik$4pro
=700  1\$aLee, Kijung$4aut
=700  1\$aLee, Kijung$4drt
=773  0\$dWatertown, MA : Documentary Educational Resources (DER), 2002
=856  40$uhttp://www.aspresolver.com/aspresolver.asp?ANTH;765584$yAlexander Street Press Ethnographic Video Online
=859  \\$aORR$bAlexander Street Press
=883  0\$aLanguage codes assigned by Bayesian analysis of words present in record$d20201028$qUk$c0.9010
=985  \\$aUpgraded by BSS-generated file for WR2011-1472
=CAT  \\$aWR13_071$b00$c20130610$lBLL01$h1613
=CAT  \\$aBATCH$b00$c20130610$lBLL01$h1613
=CAT  \\$aWR16_088$c20160606$lBLL01$h1632
=CAT  \\$aW1610-0368$c20161006$lBLL01$h0938
=CAT  \\$aW1606-1753$c20171028$lBLL01$h1352
=CAT  \\$aW2011-1472$b00$c20201127$lBLL01$h1833
=FIN  \\$aY$d20130610
=LAS  \\$aW2011-1472$b00$c20201127$lBLL01$h1833

