=LDR  02100 gm a2200505uu 4500
=001  016428680
=003  Uk
=005  20201127183332.0
=008  100813s1985\\\\xx\|||\|||||||||||mleng\d
=FMT  \\$a  VM
=035  \\$aASP764414/ant1
=245  00$aA Week of Sweet Water
=260  \\$aWatertown, MA$bDocumentary Educational Resources (DER)$c1985
=306  \\$a37 minutes
=490  0\$aEthnographic Video Online, Volume 1
=505  00$aIn the Sahel region of West Africa along the southern edge of the Sahara, drought and famine are feared above other things. In 1973-74 over 200,000 people slowly starved to death during the Great Sahel Drought. Now, drought conditions have once again brought the world's attention to the plight of those living at the edge of starvation.
=546  \\$aIn English
=650  04$aMossi
=650  \4$aChildren
=650  \4$aHuman rights
=650  \4$aEconomic development
=650  \4$aDrought
=650  \4$aAgriculture
=700  1\$aAdamson, Peter.$4pro
=700  1\$aAdamson, Peter.$4aut
=700  1\$aAdamson, Peter.$4drt
=700  1\$aAdamson, Peter.$4oth
=700  1\$aAdamson, Peter.$4nrt
=700  1\$aDebayo, Jumoke.$4nrt
=700  1\$aJacobs, Olu.$4nrt
=773  0\$dWatertown, MA : Documentary Educational Resources (DER), 1985
=856  40$uhttp://www.aspresolver.com/aspresolver.asp?ANTH;764414$yAlexander Street Press Ethnographic Video Online
=859  \\$aORR$bAlexander Street Press
=883  0\$aLanguage codes assigned by Bayesian analysis of words present in record$d20201028$qUk$c0.9010
=985  \\$aUpgraded by BSS-generated file for WR2011-1472
=CAT  \\$aWR13_071$b00$c20130610$lBLL01$h1613
=CAT  \\$aBATCH$b00$c20130610$lBLL01$h1613
=CAT  \\$aBATCH-UPD$b00$c20141221$lBLL01$h2033
=CAT  \\$aWR16_088$c20160606$lBLL01$h1632
=CAT  \\$aBATCH-UPD$b00$c20160606$lBLL01$h1637
=CAT  \\$aW1610-0368$c20161006$lBLL01$h0938
=CAT  \\$aW1606-1753$c20171028$lBLL01$h1352
=CAT  \\$aW2011-1472$b00$c20201127$lBLL01$h1833
=FIN  \\$aY$d20130610
=LAS  \\$aW2011-1472$b00$c20201127$lBLL01$h1833

