=LDR  02376 gm a2200445uu 4500
=001  016428681
=003  Uk
=005  20201127183332.0
=008  100813s1963\\\\xx\|||\|||||||||||mleng\d
=FMT  \\$a  VM
=035  \\$aASP1879581/ant1
=245  00$aWere Ni! He Is a Madman
=260  \\$aLondon, UK$bRoyal Anthropological Institute$c1963
=306  \\$a27 minutes
=490  0\$aEthnographic Video Online, Volume 1
=505  00$aThis ethnopsychiatric film shows the management of psychiatric disorders by the Yoruba of Nigeria. There are two basic types of institutions to deal with psychiatric disorders. First there are treatment centres managed by herbalists and diviners with specialist knowledge of traditional psychiatric therapy. Second there are cult groups that provide a setting for the expression of otherwise socially unacceptable behaviour through 'possession' and masquerade dances. The film shows a number of aspects of both types of institution, including sequences of male Gelede masqueraders and women of the Egun possession cult. In spite of the diversity of ethno-medical practices which are portrayed, the film has been criticised for not drawing sufficient distinction between major and minor forms of healing.
=546  \\$aIn English
=650  04$aYoruba
=650  \4$aShamanism
=650  \4$aSpiritual possession
=650  \4$aAlternative medicine
=650  \4$aMental illnesses
=650  \4$aEthnopsychology
=700  1\$aPrince, Raymond.$4pro
=700  1\$aPrince, Raymond.$4drt
=700  1\$aSpeed, Frank$4drt
=773  0\$dLondon, UK : Royal Anthropological Institute, 1963
=856  40$uhttp://www.aspresolver.com/aspresolver.asp?ANTH;1879581$yAlexander Street Press Ethnographic Video Online
=859  \\$aORR$bAlexander Street Press
=883  0\$aLanguage codes assigned by Bayesian analysis of words present in record$d20201028$qUk$c0.9010
=985  \\$aUpgraded by BSS-generated file for WR2011-1472
=CAT  \\$aWR13_071$b00$c20130610$lBLL01$h1613
=CAT  \\$aBATCH$b00$c20130610$lBLL01$h1613
=CAT  \\$aBATCH-UPD$b00$c20141220$lBLL01$h1348
=CAT  \\$aWR16_088$c20160606$lBLL01$h1632
=CAT  \\$aW1610-0368$c20161006$lBLL01$h0938
=CAT  \\$aW1606-1753$c20171028$lBLL01$h1352
=CAT  \\$aW2011-1472$b00$c20201127$lBLL01$h1833
=FIN  \\$aY$d20130610
=LAS  \\$aW2011-1472$b00$c20201127$lBLL01$h1833

