=LDR  01843 gm a2200445uu 4500
=001  016428682
=003  Uk
=005  20201127183332.0
=008  100813s2003\\\\xx\|||\|||||||||||mleng\d
=FMT  \\$a  VM
=035  \\$aASP765588/ant1
=245  00$aWest of the Tracks: Rails
=260  \\$aWatertown, MA$bDocumentary Educational Resources (DER)$c2003
=306  \\$a132 minutes
=490  0\$aEthnographic Video Online, Volume 1
=505  00$aA system of freight railways carries raw materials and finished goods in and out of Shenyang. Lingering snow and smoke create an oppressive atmosphere, and there are few signs of life as the trains make their way through the maze of nearly-abandoned factories.
=546  \\$aIn Chinese, Subtitles in English
=650  04$aChinese
=650  \4$aFactories
=650  \4$aEconomic conditions
=650  \4$aIndustry
=650  \4$aRailroads
=700  1\$aWang, Bing.$4pro
=700  1\$aWang, Bing.$4aut
=700  1\$aWang, Bing.$4drt
=700  1\$aDu, Xiyun$4oth
=773  0\$dWatertown, MA : Documentary Educational Resources (DER), 2003
=856  40$uhttp://www.aspresolver.com/aspresolver.asp?ANTH;765588$yAlexander Street Press Ethnographic Video Online
=859  \\$aORR$bAlexander Street Press
=883  0\$aLanguage codes assigned by Bayesian analysis of words present in record$d20201028$qUk$c0.9010
=985  \\$aUpgraded by BSS-generated file for WR2011-1472
=CAT  \\$aWR13_071$b00$c20130610$lBLL01$h1613
=CAT  \\$aBATCH$b00$c20130610$lBLL01$h1613
=CAT  \\$aWR16_088$c20160606$lBLL01$h1632
=CAT  \\$aBATCH-UPD$b00$c20160606$lBLL01$h1637
=CAT  \\$aW1610-0368$c20161006$lBLL01$h0938
=CAT  \\$aW1606-1753$c20171028$lBLL01$h1352
=CAT  \\$aW2011-1472$b00$c20201127$lBLL01$h1833
=FIN  \\$aY$d20130610
=LAS  \\$aW2011-1472$b00$c20201127$lBLL01$h1833

