=LDR  01853 gm a2200457uu 4500
=001  016428683
=003  Uk
=005  20201127183332.0
=008  100813s2003\\\\xx\|||\|||||||||||mleng\d
=FMT  \\$a  VM
=035  \\$aASP765590/ant1
=245  00$aWest of the Tracks: Remnants
=260  \\$aWatertown, MA$bDocumentary Educational Resources (DER)$c2003
=306  \\$a178 minutes
=490  0\$aEthnographic Video Online, Volume 1
=505  00$aRainbow Row is shantytown that was constructed in 1930 to house the laborers of the Tie Xi district. The area used to be known as Handmaiden's Grave, and now its residents are faced with unemployment and unpaid salaries.
=546  \\$aIn Chinese, Subtitles in English
=650  04$aChinese
=650  \4$aHousehold moves
=650  \4$aEconomic development
=650  \4$aFactory workers
=650  \4$aFactories
=650  \4$aEconomic conditions
=650  \4$aSettlements
=700  1\$aWang, Bing.$4pro
=700  1\$aWang, Bing.$4aut
=700  1\$aWang, Bing.$4drt
=773  0\$dWatertown, MA : Documentary Educational Resources (DER), 2003
=856  40$uhttp://www.aspresolver.com/aspresolver.asp?ANTH;765590$yAlexander Street Press Ethnographic Video Online
=859  \\$aORR$bAlexander Street Press
=883  0\$aLanguage codes assigned by Bayesian analysis of words present in record$d20201028$qUk$c0.9010
=985  \\$aUpgraded by BSS-generated file for WR2011-1472
=CAT  \\$aWR13_071$b00$c20130610$lBLL01$h1613
=CAT  \\$aBATCH$b00$c20130610$lBLL01$h1613
=CAT  \\$aWR16_088$c20160606$lBLL01$h1632
=CAT  \\$aBATCH-UPD$b00$c20160606$lBLL01$h1637
=CAT  \\$aW1610-0368$c20161006$lBLL01$h0938
=CAT  \\$aW1606-1753$c20171028$lBLL01$h1352
=CAT  \\$aW2011-1472$b00$c20201127$lBLL01$h1833
=FIN  \\$aY$d20130610
=LAS  \\$aW2011-1472$b00$c20201127$lBLL01$h1833

