=LDR  01862 gm a2200433uu 4500
=001  016428684
=003  Uk
=005  20201127183332.0
=008  100813s2003\\\\xx\|||\|||||||||||mleng\d
=FMT  \\$a  VM
=035  \\$aASP765592/ant1
=245  00$aWest of the Tracks: Rust
=260  \\$aWatertown, MA$bDocumentary Educational Resources (DER)$c2003
=306  \\$a61 minutes
=490  0\$aEthnographic Video Online, Volume 1
=505  00$aWith his DV camera, Wang Bing accompanies the few remaining foundry employees at the last furnace as they go about their working activities. Bankruptcy appears inevitable, and from the internal workings of the factory to the employee's lounge, Wang Bing traces a fascinating portrait of a dying way of life.
=546  \\$aIn Mandarin, Subtitles in English
=650  04$aChinese
=650  \4$aIndustry
=650  \4$aLaid off from job
=650  \4$aFactory workers
=650  \4$aFactories
=700  1\$aWang, Bing.$4pro
=700  1\$aWang, Bing.$4aut
=700  1\$aWang, Bing.$4drt
=773  0\$dWatertown, MA : Documentary Educational Resources (DER), 2003
=856  40$uhttp://www.aspresolver.com/aspresolver.asp?ANTH;765592$yAlexander Street Press Ethnographic Video Online
=859  \\$aORR$bAlexander Street Press
=883  0\$aLanguage codes assigned by Bayesian analysis of words present in record$d20201028$qUk$c0.9010
=985  \\$aUpgraded by BSS-generated file for WR2011-1472
=CAT  \\$aWR13_071$b00$c20130610$lBLL01$h1613
=CAT  \\$aBATCH$b00$c20130610$lBLL01$h1613
=CAT  \\$aWR16_088$c20160606$lBLL01$h1632
=CAT  \\$aBATCH-UPD$b00$c20160606$lBLL01$h1637
=CAT  \\$aW1610-0368$c20161006$lBLL01$h0938
=CAT  \\$aW1606-1753$c20171028$lBLL01$h1352
=CAT  \\$aW2011-1472$b00$c20201127$lBLL01$h1833
=FIN  \\$aY$d20130610
=LAS  \\$aW2011-1472$b00$c20201127$lBLL01$h1833

