=LDR  02009 gm a2200445uu 4500
=001  016428687
=003  Uk
=005  20201127183332.0
=008  100813s2006\\\\xx\|||\|||||||||||mleng\d
=FMT  \\$a  VM
=035  \\$aASP765602/ant1
=245  00$aWhen Visitors Come
=260  \\$aWatertown, MA$bDocumentary Educational Resources (DER)$c2006
=306  \\$a30 minutes
=490  0\$aEthnographic Video Online, Volume 1
=505  00$aA film about the relationship between anthropologist Rina Sherman and an Omuhimba family with whom she lived for seven years, filming and photographing aspects of their everyday and ritual lives. Halfway through her tenure in the field, Sherman presented a multi-media exhibition, entitled The Ovahimba Years: Work in Progress in Windhoek, the capital of Namibia.
=546  \\$aIn English, Subtitles in English
=650  04$aHimba (Ovaherero, Ovahimba)
=650  \4$aAnthropology
=650  \4$aTribal and national groups
=650  \4$aField work for anthropology
=650  \4$aCultural identity
=700  1\$aSherman, Rina.$4pro
=700  1\$aSherman, Rina.$4aut
=700  1\$aSherman, Rina.$4drt
=700  1\$aSherman, Rina.$4nrt
=773  0\$dWatertown, MA : Documentary Educational Resources (DER), 2006
=856  40$uhttp://www.aspresolver.com/aspresolver.asp?ANTH;765602$yAlexander Street Press Ethnographic Video Online
=859  \\$aORR$bAlexander Street Press
=883  0\$aLanguage codes assigned by Bayesian analysis of words present in record$d20201028$qUk$c0.9010
=985  \\$aUpgraded by BSS-generated file for WR2011-1472
=CAT  \\$aWR13_071$b00$c20130610$lBLL01$h1613
=CAT  \\$aBATCH$b00$c20130610$lBLL01$h1613
=CAT  \\$aWR16_088$c20160606$lBLL01$h1632
=CAT  \\$aBATCH-UPD$b00$c20160606$lBLL01$h1637
=CAT  \\$aW1610-0368$c20161006$lBLL01$h0938
=CAT  \\$aW1606-1753$c20171028$lBLL01$h1352
=CAT  \\$aW2011-1472$b00$c20201127$lBLL01$h1833
=FIN  \\$aY$d20130610
=LAS  \\$aW2011-1472$b00$c20201127$lBLL01$h1833

