=LDR  02411 gm a2200469uu 4500
=001  016428688
=003  Uk
=005  20201127183332.0
=008  100813s9999\\\\xx\|||\|||||||||||mleng\d
=FMT  \\$a  VM
=035  \\$aASP1796767/ant1
=245  00$aWhere Human Sharks are King
=260  \\$aOslo, Norway$bNordic World
=306  \\$a54 minutes
=490  0\$aEthnographic Video Online, Volume 1
=520  3\$aThe third and last programme in the series explains how we share the harvest of the sea among us.To start with, the ocean was open to all, but when overfishing became a problem and stocks were in danger of being wiped out, the right to unrestricted fishing evolved into a bitterly fought free-for-all.Together with ama divers in Japan we dive for molluscs - abalones - and see how the cooperative of which the women are members divides their catches among them. Together with the Norwegian Coastguard we board Russian trawlers; we participate in the purchase of perpetual fishing rights in Icelandic waters; and we learn how Kenyan fishermen survive on the bones that are left after the flesh of the fish they catch has been exported to Europe. More, we see how the people of Mitiaro have shared their catches among themselves, to the benefit of all.
=546  \\$aIn English
=650  04$aNorwegian
=650  04$aCook Islander
=650  04$aKenyan
=650  04$aJapanese
=650  \4$aCommercial fishing
=650  \4$aOceans
=650  \4$aFish
=700  1\$aHoyheim, Kjell Jarle$4pro
=700  1\$aMidttun, Knut$4pro
=700  1\$aDale, Terje.$4drt
=700  1\$aSaebo, Nils Arne$4drt
=773  0\$dOslo, Norway : Nordic World
=856  40$uhttp://www.aspresolver.com/aspresolver.asp?ANTH;1796767$yAlexander Street Press Ethnographic Video Online
=859  \\$aORR$bAlexander Street Press
=883  0\$aLanguage codes assigned by Bayesian analysis of words present in record$d20201028$qUk$c0.9010
=985  \\$aUpgraded by BSS-generated file for WR2011-1472
=CAT  \\$aWR13_071$b00$c20130610$lBLL01$h1613
=CAT  \\$aBATCH$b00$c20130610$lBLL01$h1613
=CAT  \\$aWR16_088$c20160606$lBLL01$h1632
=CAT  \\$aBATCH-UPD$b00$c20160606$lBLL01$h1637
=CAT  \\$aW1610-0368$c20161006$lBLL01$h0938
=CAT  \\$aW1606-1753$c20171028$lBLL01$h1352
=CAT  \\$aW2011-1472$b00$c20201127$lBLL01$h1833
=FIN  \\$aY$d20130610
=LAS  \\$aW2011-1472$b00$c20201127$lBLL01$h1833

