=LDR  02332 gm a2200589uu 4500
=001  016428689
=003  Uk
=005  20201127183332.0
=008  100813s2003\\\\xx\|||\|||||||||||mleng\d
=FMT  \\$a  VM
=035  \\$aASP765606/ant1
=245  00$aWhose Is This Song?
=260  \\$aWatertown, MA$bDocumentary Educational Resources (DER)$c2003
=306  \\$a70 minutes
=490  0\$aEthnographic Video Online, Volume 1
=505  00$aIn her search for the true origins of a haunting melody, the filmmaker travels to Turkey, Greece, Macedonia, Albania, Bosnia, Serbia and Bulgaria. The trip is filled with humor, suspense, tragedy and surprise as each country's citizens passionately claim the song to be their own and can even furnish elaborate histories for its orgins.
=546  \\$aIn Bulgarian, Serbian, Macedonian, Bosnian, Albanian, Greek, Turkish, Subtitles in English
=650  04$aBulgarian
=650  04$aSerbian
=650  04$aBosnian
=650  04$aAlbanian
=650  04$aMacedonian
=650  04$aGreek
=650  04$aTurk
=650  \4$aEmotions and feelings
=650  \4$aNationalism
=650  \4$aSongs
=650  \4$aMusic history
=650  \4$aCultural identity
=650  \4$aEthnomusicology
=650  \4$aPrejudice
=650  \4$aPatriotism
=700  1\$aMilovanovich, Slobodan.$4pro
=700  1\$aPauwels, Paul$4pro
=700  1\$aPeeva, Adela.$4aut
=700  1\$aPeeva, Adela.$4drt
=700  1\$aPeeva, Adela.$4nrt
=700  1\$aBonev, Kostadin.$4ctb
=773  0\$dWatertown, MA : Documentary Educational Resources (DER), 2003
=856  40$uhttp://www.aspresolver.com/aspresolver.asp?ANTH;765606$yAlexander Street Press Ethnographic Video Online
=859  \\$aORR$bAlexander Street Press
=883  0\$aLanguage codes assigned by Bayesian analysis of words present in record$d20201028$qUk$c0.9010
=985  \\$aUpgraded by BSS-generated file for WR2011-1472
=CAT  \\$aWR13_071$b00$c20130610$lBLL01$h1613
=CAT  \\$aBATCH$b00$c20130610$lBLL01$h1613
=CAT  \\$aWR16_088$c20160606$lBLL01$h1632
=CAT  \\$aBATCH-UPD$b00$c20160606$lBLL01$h1637
=CAT  \\$aW1610-0368$c20161006$lBLL01$h0938
=CAT  \\$aW1606-1753$c20171028$lBLL01$h1352
=CAT  \\$aW2011-1472$b00$c20201127$lBLL01$h1833
=FIN  \\$aY$d20130610
=LAS  \\$aW2011-1472$b00$c20201127$lBLL01$h1833

