=LDR  02310 gm a2200493uu 4500
=001  016428690
=003  Uk
=005  20201127183332.0
=008  100813s1995\\\\xx\|||\|||||||||||mleng\d
=FMT  \\$a  VM
=035  \\$aASP765608/ant1
=245  00$aWhose Paintings?
=260  \\$aWatertown, MA$bDocumentary Educational Resources (DER)$c1995
=306  \\$a45 minutes
=490  0\$aEthnographic Video Online, Volume 1
=505  00$aWhose Paintings? takes an ethnographic approach to recording an encounter between Alwin Belak, a Russian-Jewish-American collector of Rajput miniature paintings from India of the 16th-19th century, and Jayasinhji Jhala a Rajput Visual Anthropologist from India teaching at Temple University in Philadelphia. Part confrontation and part collaboration, the event of viewing these paintings in an affluent Philadelphia apartment demonstrates the different points of view used by the two protagonists to engage with these cultural treasures.
=546  \\$aIn English, Subtitles in English
=650  04$aAmerican
=650  04$aIndian
=650  \4$aArchaeological artifacts
=650  \4$aCultural assimilation
=650  \4$aCultural identity
=650  \4$aArt collectors
=650  \4$aPaintings
=700  1\$aJhala, Jayasinhji.$4aut
=700  1\$aPowell, Lindsey W., Ph.D.$4aut
=700  1\$aJhala, Jayasinhji.$4drt
=700  1\$aPowell, Lindsey W., Ph.D.$4drt
=700  1\$aBellar, Alwin$4oth
=700  1\$aJhala, Jayasinhji.$4oth
=773  0\$dWatertown, MA : Documentary Educational Resources (DER), 1995
=856  40$uhttp://www.aspresolver.com/aspresolver.asp?ANTH;765608$yAlexander Street Press Ethnographic Video Online
=859  \\$aORR$bAlexander Street Press
=883  0\$aLanguage codes assigned by Bayesian analysis of words present in record$d20201028$qUk$c0.9010
=985  \\$aUpgraded by BSS-generated file for WR2011-1472
=CAT  \\$aWR13_071$b00$c20130610$lBLL01$h1613
=CAT  \\$aBATCH$b00$c20130610$lBLL01$h1613
=CAT  \\$aWR16_088$c20160606$lBLL01$h1632
=CAT  \\$aBATCH-UPD$b00$c20160606$lBLL01$h1637
=CAT  \\$aW1610-0368$c20161006$lBLL01$h0938
=CAT  \\$aW1606-1753$c20171028$lBLL01$h1352
=CAT  \\$aW2011-1472$b00$c20201127$lBLL01$h1833
=FIN  \\$aY$d20130610
=LAS  \\$aW2011-1472$b00$c20201127$lBLL01$h1833

