=LDR  01729 gm a2200433uu 4500
=001  016428693
=003  Uk
=005  20201127183332.0
=008  100813s9999\\\\xx\|||\|||||||||||mleng\d
=FMT  \\$a  VM
=035  \\$aASP1779521/ant1
=245  00$aWitches Fly There
=260  \\$aCopenhagen, Denmark$bDanish Broadcasting Corporation
=306  \\$a35 minutes
=490  0\$aEthnographic Video Online, Volume 1
=505  00$aIn Zambia witchcraft and healing are accepted as legitimate phenomenons. This film dives into them and introduces the viewers to both sorcerers and former witches while leaving Western scepticism and prejudices out of the equation.
=546  \\$aIn English
=650  04$aZambian
=650  \4$aHealers
=650  \4$aReligious beliefs
=650  \4$aTribal and national groups
=650  \4$aHealing
=650  \4$aWitchcraft
=700  1\$aGraver, Anders$4pro
=700  1\$aMørk, Linus$4pro
=700  1\$aMørk, Linus$4drt
=773  0\$dCopenhagen, Denmark : Danish Broadcasting Corporation
=856  40$uhttp://www.aspresolver.com/aspresolver.asp?ANTH;1779521$yAlexander Street Press Ethnographic Video Online
=859  \\$aORR$bAlexander Street Press
=883  0\$aLanguage codes assigned by Bayesian analysis of words present in record$d20201028$qUk$c0.9010
=985  \\$aUpgraded by BSS-generated file for WR2011-1472
=CAT  \\$aWR13_071$b00$c20130610$lBLL01$h1613
=CAT  \\$aBATCH$b00$c20130610$lBLL01$h1613
=CAT  \\$aWR16_088$c20160606$lBLL01$h1632
=CAT  \\$aW1610-0368$c20161006$lBLL01$h0938
=CAT  \\$aW1606-1753$c20171028$lBLL01$h1352
=CAT  \\$aW2011-1472$b00$c20201127$lBLL01$h1833
=FIN  \\$aY$d20130610
=LAS  \\$aW2011-1472$b00$c20201127$lBLL01$h1833

