=LDR  01801 gm a2200517uu 4500
=001  016428694
=003  Uk
=005  20201127183332.0
=008  100813s1995\\\\xx\|||\|||||||||||mleng\d
=FMT  \\$a  VM
=035  \\$aASP1647043/ant1
=245  00$aThe Witching Tree
=260  \\$aLondon, England$bBritish Broadcasting Corporation (BBC)$c1995
=306  \\$a48 minutes
=490  0\$aEthnographic Video Online, Volume 1
=505  00$aIn English
=650  04$aSouth African
=650  \4$aReligious beliefs
=650  \4$aAccidental deaths
=650  \4$aReligious rites and ceremonies
=650  \4$aWitches
=650  \4$aMarried persons
=650  \4$aIn-group conflicts
=650  \4$aHealers
=650  \4$aAfricans
=650  \4$aLocal populations
=650  \4$aTribal and national groups
=700  1\$aHead, Joanna$4pro
=700  1\$aHead, Joanna$4aut
=700  1\$aHead, Joanna$4drt
=700  1\$aMpapane$4oth
=700  1\$aSachs, Andrew.$4nrt
=773  0\$dLondon, England : British Broadcasting Corporation (BBC), 1995
=856  40$uhttp://www.aspresolver.com/aspresolver.asp?ANTH;1647043$yAlexander Street Press Ethnographic Video Online
=859  \\$aORR$bAlexander Street Press
=883  0\$aLanguage codes assigned by Bayesian analysis of words present in record$d20201028$qUk$c0.9010
=985  \\$aUpgraded by BSS-generated file for WR2011-1472
=CAT  \\$aWR13_071$b00$c20130610$lBLL01$h1613
=CAT  \\$aBATCH$b00$c20130610$lBLL01$h1613
=CAT  \\$aBATCH-UPD$b00$c20160108$lBLL01$h2148
=CAT  \\$aWR16_088$c20160606$lBLL01$h1632
=CAT  \\$aW1610-0368$c20161006$lBLL01$h0938
=CAT  \\$aW1606-1753$c20171028$lBLL01$h1352
=CAT  \\$aW2011-1472$b00$c20201127$lBLL01$h1833
=FIN  \\$aY$d20130610
=LAS  \\$aW2011-1472$b00$c20201127$lBLL01$h1833

