=LDR  02083 gm a2200613uu 4500
=001  016428695
=003  Uk
=005  20201127183332.0
=008  100813s1986\\\\xx\|||\|||||||||||mleng\d
=FMT  \\$a  VM
=035  \\$aASP1647029/ant1
=245  00$aWives & Husbands
=260  \\$aLondon, England$bBritish Broadcasting Corporation (BBC)$c1986
=306  \\$a49 minutes
=490  0\$aEthnographic Video Online, Volume 1
=505  00$aIn English
=650  04$aAmerican
=650  04$aJapanese
=650  04$aHungarian
=650  04$aEgyptian
=650  \4$aDivision of labor
=650  \4$aEmployment
=650  \4$aMarried persons
=650  \4$aEmotions and feelings
=650  \4$aIntergender communication
=650  \4$aGender roles
=650  \4$aCustoms
=650  \4$aPersonal finances
=650  \4$aCultural identity
=700  1\$aNicholson, William.$4pro
=700  1\$aNicholson, William.$4aut
=700  1\$aAmer, Dia$4oth
=700  1\$aCavagnolo, Heidi$4oth
=700  1\$aCavagnolo, Paul$4oth
=700  1\$aFahim, Moustafa$4oth
=700  1\$aKugisawa, Michio$4oth
=700  1\$aKugisawa, Shigitaka$4oth
=700  1\$aPojik, Loyosh$4oth
=700  1\$aPojik, Peroshka$4oth
=700  1\$aNicholson, William.$4nrt
=773  0\$dLondon, England : British Broadcasting Corporation (BBC), 1986
=856  40$uhttp://www.aspresolver.com/aspresolver.asp?ANTH;1647029$yAlexander Street Press Ethnographic Video Online
=859  \\$aORR$bAlexander Street Press
=883  0\$aLanguage codes assigned by Bayesian analysis of words present in record$d20201028$qUk$c0.9010
=985  \\$aUpgraded by BSS-generated file for WR2011-1472
=CAT  \\$aWR13_071$b00$c20130610$lBLL01$h1613
=CAT  \\$aBATCH$b00$c20130610$lBLL01$h1613
=CAT  \\$aWR16_088$c20160606$lBLL01$h1632
=CAT  \\$aBATCH-UPD$b00$c20160606$lBLL01$h1637
=CAT  \\$aW1610-0368$c20161006$lBLL01$h0938
=CAT  \\$aW1606-1753$c20171028$lBLL01$h1352
=CAT  \\$aW2011-1472$b00$c20201127$lBLL01$h1833
=FIN  \\$aY$d20130610
=LAS  \\$aW2011-1472$b00$c20201127$lBLL01$h1833

