=LDR  01966 gm a2200517uu 4500
=001  016428698
=003  Uk
=005  20201127183332.0
=008  100813s2003\\\\xx\|||\|||||||||||mleng\d
=FMT  \\$a  VM
=035  \\$aASP765612/ant1
=245  00$aWoman To Woman
=260  \\$aWatertown, MA$bDocumentary Educational Resources (DER)$c2003
=306  \\$a26 minutes
=490  0\$aEthnographic Video Online, Volume 1
=505  00$aWoman to Woman is a story about natural childbirth as well as about the empowerment of women and their partners. And it is also a story about activism
=546  \\$aIn English
=650  04$aAmerican
=650  \4$aHealth
=650  \4$aMedical treatments and procedures
=650  \4$aPregnancy
=650  \4$aMidwives
=650  \4$aChildbirth
=700  1\$aMaraësa, Aminata.$4pro
=700  1\$aMaraësa, Aminata.$4aut
=700  1\$aMaraësa, Aminata.$4drt
=700  1\$aFaidley, Julia$4oth
=700  1\$aJack, Fummilayo$4oth
=700  1\$aJohnson, Judea$4oth
=700  1\$aPacetti, Megan$4oth
=700  1\$aRichmond, Terry$4oth
=773  0\$dWatertown, MA : Documentary Educational Resources (DER), 2003
=856  40$uhttp://www.aspresolver.com/aspresolver.asp?ANTH;765612$yAlexander Street Press Ethnographic Video Online
=859  \\$aORR$bAlexander Street Press
=883  0\$aLanguage codes assigned by Bayesian analysis of words present in record$d20201028$qUk$c0.9010
=985  \\$aUpgraded by BSS-generated file for WR2011-1472
=CAT  \\$aWR13_071$b00$c20130610$lBLL01$h1613
=CAT  \\$aBATCH$b00$c20130610$lBLL01$h1613
=CAT  \\$aWR16_088$c20160606$lBLL01$h1632
=CAT  \\$aBATCH-UPD$b00$c20160606$lBLL01$h1637
=CAT  \\$aW1610-0368$c20161006$lBLL01$h0938
=CAT  \\$aW1606-1753$c20171028$lBLL01$h1352
=CAT  \\$aBATCH-UPD$b00$c20171029$lBLL01$h2045
=CAT  \\$aW2011-1472$b00$c20201127$lBLL01$h1833
=FIN  \\$aY$d20130610
=LAS  \\$aW2011-1472$b00$c20201127$lBLL01$h1833

