=LDR  01842 gm a2200541uu 4500
=001  016428699
=003  Uk
=005  20201127183332.0
=008  100813s1986\\\\xx\|||\|||||||||||mleng\d
=FMT  \\$a  VM
=035  \\$aASP1647035/ant1
=245  00$aWomen & Divorce
=260  \\$aLondon, England$bBritish Broadcasting Corporation (BBC)$c1986
=306  \\$a49 minutes
=490  0\$aEthnographic Video Online, Volume 1
=505  00$aIn English
=650  04$aHungarian
=650  04$aItalian
=650  04$aEgyptian
=650  04$aJapanese
=650  \4$aLaw
=650  \4$aGender roles
=650  \4$aLiving arrangements
=650  \4$aBehavior
=650  \4$aDivorced persons
=650  \4$aDivorce
=700  1\$aNicholson, William.$4pro
=700  1\$aNicholson, William.$4aut
=700  1\$aKafazi, Leila$4oth
=700  1\$aKovach, Clara$4oth
=700  1\$aKovach, Lazlo$4oth
=700  1\$aMafoose, Afef$4oth
=700  1\$aYanigashita, Shidori$4oth
=700  1\$aNicholson, William.$4nrt
=773  0\$dLondon, England : British Broadcasting Corporation (BBC), 1986
=856  40$uhttp://www.aspresolver.com/aspresolver.asp?ANTH;1647035$yAlexander Street Press Ethnographic Video Online
=859  \\$aORR$bAlexander Street Press
=883  0\$aLanguage codes assigned by Bayesian analysis of words present in record$d20201028$qUk$c0.9010
=985  \\$aUpgraded by BSS-generated file for WR2011-1472
=CAT  \\$aWR13_071$b00$c20130610$lBLL01$h1613
=CAT  \\$aBATCH$b00$c20130610$lBLL01$h1613
=CAT  \\$aWR16_088$c20160606$lBLL01$h1632
=CAT  \\$aBATCH-UPD$b00$c20160606$lBLL01$h1637
=CAT  \\$aW1610-0368$c20161006$lBLL01$h0938
=CAT  \\$aW1606-1753$c20171028$lBLL01$h1352
=CAT  \\$aW2011-1472$b00$c20201127$lBLL01$h1833
=FIN  \\$aY$d20130610
=LAS  \\$aW2011-1472$b00$c20201127$lBLL01$h1833

