=LDR  01980 gm a2200517uu 4500
=001  016428700
=003  Uk
=005  20201127183332.0
=008  100813s9999\\\\xx\|||\|||||||||||mleng\d
=FMT  \\$a  VM
=035  \\$aASP1689475/ant1
=245  00$aWomen In Action
=260  \\$aNew York, NY$bInsight Media
=306  \\$a29 minutes
=490  0\$aEthnographic Video Online, Volume 1
=505  00$aWomen have always been entrepreneurs in the informal economy of the Caribbean. Cohosted by Vincentian Earlene Home, this video focuses on a number of projects centered on women and work in Dominica, Jamaica, and Guyana.
=546  \\$aIn English
=650  04$aCaribbean
=650  \4$aEconomic conditions
=650  \4$aFarming
=650  \4$aEconomic development
=650  \4$aWomen
=700  1\$aHall, Tony,$d1948-
=700  1\$aLaird, Christopher.$4pro
=700  1\$aPaddington, Bruce.$4pro
=700  1\$aLaird, Christopher.$4aut
=700  1\$aPaddington, Bruce.$4aut
=700  1\$aLaird, Christopher.$4drt
=700  1\$aPaddington, Bruce.$4drt
=700  1\$aHorne, Earlene$4oth
=700  1\$aCorsbie, Ken.$4nrt
=773  0\$dNew York, NY : Insight Media
=856  40$uhttp://www.aspresolver.com/aspresolver.asp?ANTH;1689475$yAlexander Street Press Ethnographic Video Online
=859  \\$aORR$bAlexander Street Press
=883  0\$aLanguage codes assigned by Bayesian analysis of words present in record$d20201028$qUk$c0.9010
=985  \\$aUpgraded by BSS-generated file for WR2011-1472
=CAT  \\$aWR13_071$b00$c20130610$lBLL01$h1613
=CAT  \\$aBATCH$b00$c20130610$lBLL01$h1613
=CAT  \\$aWR16_088$c20160606$lBLL01$h1632
=CAT  \\$aBATCH-UPD$b00$c20160606$lBLL01$h1637
=CAT  \\$aW1610-0368$c20161006$lBLL01$h0938
=CAT  \\$aW1606-1753$c20171028$lBLL01$h1352
=CAT  \\$a8962$b40$c20181114$lBLL01$h1303
=CAT  \\$aW2011-1472$b00$c20201127$lBLL01$h1833
=FIN  \\$aY$d20130610
=LAS  \\$aW2011-1472$b00$c20201127$lBLL01$h1833

