=LDR  01538 gm a2200421uu 4500
=001  016428701
=003  Uk
=005  20201127183333.0
=008  100813s1984\\\\xx\|||\|||||||||||mleng\d
=FMT  \\$a  VM
=035  \\$aASP1779497/ant1
=245  00$aThe Women's Olamal
=260  \\$aLondon, England$bBritish Broadcasting Corporation (BBC)$c1984
=306  \\$a54 minutes
=490  0\$aEthnographic Video Online, Volume 1
=505  00$aMaasai
=650  \4$aReligious beliefs
=650  \4$aChildren
=650  \4$aSorrow
=650  \4$aFertility
=650  \4$aReligious rites and ceremonies
=650  \4$aGender roles
=700  1\$aLlelewyn-Davies, Melissa$4aut
=700  1\$aLlelewyn-Davies, Melissa$4drt
=700  1\$aLlelewyn-Davies, Melissa$4nrt
=773  0\$dLondon, England : British Broadcasting Corporation (BBC), 1984
=856  40$uhttp://www.aspresolver.com/aspresolver.asp?ANTH;1779497$yAlexander Street Press Ethnographic Video Online
=859  \\$aORR$bAlexander Street Press
=883  0\$aLanguage codes assigned by Bayesian analysis of words present in record$d20201028$qUk$c0.9010
=985  \\$aUpgraded by BSS-generated file for WR2011-1472
=CAT  \\$aWR13_071$b00$c20130610$lBLL01$h1613
=CAT  \\$aBATCH$b00$c20130610$lBLL01$h1613
=CAT  \\$aWR16_088$c20160606$lBLL01$h1632
=CAT  \\$aW1610-0368$c20161006$lBLL01$h0938
=CAT  \\$aW1606-1753$c20171028$lBLL01$h1352
=CAT  \\$aW2011-1472$b00$c20201127$lBLL01$h1833
=FIN  \\$aY$d20130610
=LAS  \\$aW2011-1472$b00$c20201127$lBLL01$h1833

