=LDR  02102 gm a2200493uu 4500
=001  016428702
=003  Uk
=005  20201127183333.0
=008  100813s1985\\\\xx\|||\|||||||||||mleng\d
=FMT  \\$a  VM
=035  \\$aASP765478/ant1
=245  00$aThe Women's Olamal: The Organization of a Maasai Fertility Ceremony
=260  \\$aWatertown, MA$bDocumentary Educational Resources (DER)$c1985
=306  \\$a110 minutes
=490  0\$aEthnographic Video Online, Volume 1
=505  00$aThe Women's Olamal follows the events that preceded a controversial ceremony in Loita, Kenya, to bless the women and to increase their ability to have children. This film, presented in observational style with limited commentary, depicts some of the tensions between men and women in Maasai society which, in this case, erupt in a violent row between them.
=546  \\$aIn English, Subtitles in English
=650  04$aMaasai
=650  \4$aGender status
=650  \4$aViolence
=650  \4$aGender
=650  \4$aReligious rites and ceremonies
=650  \4$aFertility
=650  \4$aChildbirth
=700  1\$aLlelewyn-Davies, Melissa$4aut
=700  1\$aLlelewyn-Davies, Melissa$4drt
=700  1\$aKisaju$4oth
=700  1\$aKisaro$4oth
=700  1\$aNolmeeyu$4oth
=700  1\$aNolpiyaya$4oth
=700  1\$aOle Kopio$4oth
=773  0\$dWatertown, MA : Documentary Educational Resources (DER), 1985
=856  40$uhttp://www.aspresolver.com/aspresolver.asp?ANTH;765478$yAlexander Street Press Ethnographic Video Online
=859  \\$aORR$bAlexander Street Press
=883  0\$aLanguage codes assigned by Bayesian analysis of words present in record$d20201028$qUk$c0.9010
=985  \\$aUpgraded by BSS-generated file for WR2011-1472
=CAT  \\$aWR13_071$b00$c20130610$lBLL01$h1613
=CAT  \\$aBATCH$b00$c20130610$lBLL01$h1613
=CAT  \\$aWR16_088$c20160606$lBLL01$h1632
=CAT  \\$aW1610-0368$c20161006$lBLL01$h0938
=CAT  \\$aW1606-1753$c20171028$lBLL01$h1352
=CAT  \\$aW2011-1472$b00$c20201127$lBLL01$h1833
=FIN  \\$aY$d20130610
=LAS  \\$aW2011-1472$b00$c20201127$lBLL01$h1833

