=LDR  02298 gm a2200433uu 4500
=001  016428703
=003  Uk
=005  20201127183333.0
=008  100813s2002\\\\xx\|||\|||||||||||mleng\d
=FMT  \\$a  VM
=035  \\$aASP1779510/ant1
=245  00$aThe Wood and the Calabash
=260  \\$aWatertown, MA$bDocumentary Educational Resources (DER)$c2002
=306  \\$a48 minutes
=490  0\$aEthnographic Video Online, Volume 1
=505  00$aAmong the Senufo people of northern Côte d'Ivoire, the balafon (xylophone with calabash resonators) is an emblematic musical instrument. Balafon makers are all musicians, but a balafon player isn't necessarily an instrument maker. The film shows in detail the manufacture of this musical instrument, an indispensable element in the life of the Senufo people. Each step is shown, from the initial prayer to the genies of the balafon before felling a tree, through the cutting and tuning of the keys and the resonators, to the fixing of the buzzing membranes, which give this instrument its very characteristic timbre. Nanga, the balafon maker, talks about his work and discusses different aspects with friends during a meal.
=546  \\$aIn English, Subtitles in English
=650  04$aSenufo
=650  \4$aEthnomusicology
=650  \4$aTribal and national groups
=650  \4$aCultural identity
=650  \4$aMusical instruments
=650  \4$aMusic
=700  1\$aZemp, Hugo.$4aut
=700  1\$aZemp, Hugo.$4drt
=773  0\$dWatertown, MA : Documentary Educational Resources (DER), 2002
=856  40$uhttp://www.aspresolver.com/aspresolver.asp?ANTH;1779510$yAlexander Street Press Ethnographic Video Online
=859  \\$aORR$bAlexander Street Press
=883  0\$aLanguage codes assigned by Bayesian analysis of words present in record$d20201028$qUk$c0.9010
=985  \\$aUpgraded by BSS-generated file for WR2011-1472
=CAT  \\$aWR13_071$b00$c20130610$lBLL01$h1613
=CAT  \\$aBATCH$b00$c20130610$lBLL01$h1613
=CAT  \\$aBATCH-UPD$b00$c20151008$lBLL01$h2029
=CAT  \\$aWR16_088$c20160606$lBLL01$h1632
=CAT  \\$aW1610-0368$c20161006$lBLL01$h0938
=CAT  \\$aW1606-1753$c20171028$lBLL01$h1352
=CAT  \\$aW2011-1472$b00$c20201127$lBLL01$h1833
=FIN  \\$aY$d20130610
=LAS  \\$aW2011-1472$b00$c20201127$lBLL01$h1833

