=LDR  01590 gm a2200433uu 4500
=001  016428704
=003  Uk
=005  20201127183333.0
=008  100813s1984\\\\xx\|||\|||||||||||mleng\d
=FMT  \\$a  VM
=035  \\$aASP1646981/ant1
=245  00$aThe World About Us: To Be a Matador
=260  \\$aLondon, England$bBritish Broadcasting Corporation (BBC)$c1984
=306  \\$a48 minutes
=490  0\$aEthnographic Video Online, Volume 1
=505  00$aIn English
=650  04$aSpanish
=650  \4$aPerforming life
=650  \4$aCharacter traits
=650  \4$aBull fights
=700  1\$aVallance, Clem.$4pro
=700  1\$aVallance, Clem.$4aut
=700  1\$aCuando, Franco$4oth
=700  1\$aFulton, John.$4oth
=700  1\$aWooldridge, Ian.$4nrt
=773  0\$dLondon, England : British Broadcasting Corporation (BBC), 1984
=856  40$uhttp://www.aspresolver.com/aspresolver.asp?ANTH;1646981$yAlexander Street Press Ethnographic Video Online
=859  \\$aORR$bAlexander Street Press
=883  0\$aLanguage codes assigned by Bayesian analysis of words present in record$d20201028$qUk$c0.9010
=985  \\$aUpgraded by BSS-generated file for WR2011-1472
=CAT  \\$aWR13_071$b00$c20130610$lBLL01$h1613
=CAT  \\$aBATCH$b00$c20130610$lBLL01$h1613
=CAT  \\$aWR16_088$c20160606$lBLL01$h1632
=CAT  \\$aBATCH-UPD$b00$c20160606$lBLL01$h1637
=CAT  \\$aW1610-0368$c20161006$lBLL01$h0938
=CAT  \\$aW1606-1753$c20171028$lBLL01$h1352
=CAT  \\$aW2011-1472$b00$c20201127$lBLL01$h1833
=FIN  \\$aY$d20130610
=LAS  \\$aW2011-1472$b00$c20201127$lBLL01$h1833

