=LDR  02400 gm a2200445uu 4500
=001  016428705
=003  Uk
=005  20201127183333.0
=008  100813s9999\\\\xx\|||\|||||||||||mleng\d
=FMT  \\$a  VM
=035  \\$aASP1879512/ant1
=245  00$aThe World Of The Punans
=260  \\$aParis, France$bZED
=306  \\$a28 minutes
=490  0\$aEthnographic Video Online, Volume 1
=505  00$aLong ago, Earth was dominated by supernatural beings: spirits who lived in the forest and in the ocean. To live in harmony with them, Man had to learn to respect nature and animals. Today the Masters of the Spirits are the guardians of ancient beliefs uniting men and animals: by respecting these eternal legends, Man continues to live incredible adventures with animals, hoping to receive the spirit`s protection. For its 13 extraordinary and true stories, the series entitled "The Master of the Spirits" has sought out civilizations who still believe in magic, and whose people continue to share remarkable experiences with animals, hoping to win the favor of the spirits. From the mysterious fishermen of the Himalayan rivers to the last eagle tamers of the Kirgisthan mountains, this collection recounts the most beautiful legends featuring exceptional relationships between Man and animals.
=546  \\$aIn English
=650  04$aPunan
=650  \4$aTribal and national groups
=650  \4$aCultural identity
=650  \4$aHunting
=650  \4$aBirds
=650  \4$aMyths and legends
=700  1\$aCatteau, Manuel$4pro
=700  1\$aCorillion, Jean-Michel.$4drt
=700  1\$aWenger, Allan$4nrt
=773  0\$dParis, France : ZED
=856  40$uhttp://www.aspresolver.com/aspresolver.asp?ANTH;1879512$yAlexander Street Press Ethnographic Video Online
=859  \\$aORR$bAlexander Street Press
=883  0\$aLanguage codes assigned by Bayesian analysis of words present in record$d20201028$qUk$c0.9010
=985  \\$aUpgraded by BSS-generated file for WR2011-1472
=CAT  \\$aWR13_071$b00$c20130610$lBLL01$h1613
=CAT  \\$aBATCH$b00$c20130610$lBLL01$h1613
=CAT  \\$aWR16_088$c20160606$lBLL01$h1632
=CAT  \\$aBATCH-UPD$b00$c20160606$lBLL01$h1637
=CAT  \\$aW1610-0368$c20161006$lBLL01$h0938
=CAT  \\$aW1606-1753$c20171028$lBLL01$h1352
=CAT  \\$aW2011-1472$b00$c20201127$lBLL01$h1833
=FIN  \\$aY$d20130610
=LAS  \\$aW2011-1472$b00$c20201127$lBLL01$h1833

