=LDR  01399 gm a2200385uu 4500
=001  016428707
=003  Uk
=005  20201127183333.0
=008  100813s9999\\\\xx\|||\|||||||||||mleng\d
=FMT  \\$a  VM
=035  \\$aASP1779513/ant1
=245  00$aWorlds of the Maya
=260  \\$aDerry, NH$bChip Taylor Communications
=306  \\$a84 minutes
=490  0\$aEthnographic Video Online, Volume 1
=546  \\$aIn English
=650  04$aMaya
=650  \4$aTribal and national groups
=650  \4$aCultural identity
=700  1\$aMortimer, Sandy.$4drt
=700  1\$aMortimer, Sandy.$4nrt
=773  0\$dDerry, NH : Chip Taylor Communications
=856  40$uhttp://www.aspresolver.com/aspresolver.asp?ANTH;1779513$yAlexander Street Press Ethnographic Video Online
=859  \\$aORR$bAlexander Street Press
=883  0\$aLanguage codes assigned by Bayesian analysis of words present in record$d20201028$qUk$c0.9010
=985  \\$aUpgraded by BSS-generated file for WR2011-1472
=CAT  \\$aWR13_071$b00$c20130610$lBLL01$h1613
=CAT  \\$aBATCH$b00$c20130610$lBLL01$h1613
=CAT  \\$aWR16_088$c20160606$lBLL01$h1632
=CAT  \\$aBATCH-UPD$b00$c20160606$lBLL01$h1637
=CAT  \\$aW1610-0368$c20161006$lBLL01$h0938
=CAT  \\$aW1606-1753$c20171028$lBLL01$h1352
=CAT  \\$aW2011-1472$b00$c20201127$lBLL01$h1833
=FIN  \\$aY$d20130610
=LAS  \\$aW2011-1472$b00$c20201127$lBLL01$h1833

