=LDR  02009 gm a2200493uu 4500
=001  016428709
=003  Uk
=005  20201127183333.0
=008  100813s1978\\\\xx\|||\|||||||||||mleng\d
=FMT  \\$a  VM
=035  \\$aASP765616/ant1
=245  00$aWuxing People's Commune
=260  \\$aWatertown, MA$bDocumentary Educational Resources (DER)$c1978
=306  \\$a59 minutes
=490  0\$aEthnographic Video Online, Volume 1
=505  00$aRecent changes in Chinese economy and society make this film an especially valuable portrayal of life and labor in the countryside in 1978. The 14,500 peasants on Wuxing People's Commune in North China produced enough food in that year to satisfy most of their needs on just 3,000 acres.
=546  \\$aIn English, Subtitles in English
=650  04$aChinese
=650  \4$aHarvesting
=650  \4$aRural population
=650  \4$aAgriculture
=650  \4$aFarming
=650  \4$aFarms
=650  \4$aCommunism
=700  1\$aDaly, Tom.$4pro
=700  1\$aIanzelo, Tony.$4aut
=700  1\$aRichardson, Boyce.$4aut
=700  1\$aIanzelo, Tony.$4drt
=700  1\$aRichardson, Boyce.$4drt
=700  1\$aSutherland, Donald.$4nrt
=773  0\$dWatertown, MA : Documentary Educational Resources (DER), 1978
=856  40$uhttp://www.aspresolver.com/aspresolver.asp?ANTH;765616$yAlexander Street Press Ethnographic Video Online
=859  \\$aORR$bAlexander Street Press
=883  0\$aLanguage codes assigned by Bayesian analysis of words present in record$d20201028$qUk$c0.9010
=985  \\$aUpgraded by BSS-generated file for WR2011-1472
=CAT  \\$aWR13_071$b00$c20130610$lBLL01$h1613
=CAT  \\$aBATCH$b00$c20130610$lBLL01$h1613
=CAT  \\$aWR16_088$c20160606$lBLL01$h1632
=CAT  \\$aBATCH-UPD$b00$c20160606$lBLL01$h1637
=CAT  \\$aW1610-0368$c20161006$lBLL01$h0938
=CAT  \\$aW1606-1753$c20171028$lBLL01$h1352
=CAT  \\$aW2011-1472$b00$c20201127$lBLL01$h1833
=FIN  \\$aY$d20130610
=LAS  \\$aW2011-1472$b00$c20201127$lBLL01$h1833

