=LDR  02148cgm a2200529uu 4500
=001  016428712
=003  Uk
=005  20201127183333.0
=008  100813s1991\\\\xx\|||\|||||||||||mleng\d
=FMT  \\$a  VM
=035  \\$aASP765620/ant1
=245  00$aYankee in Kamchatka - Wilderness Adventure in Siberia
=260  \\$aWatertown, MA$bDocumentary Educational Resources (DER)$c1991
=306  \\$a56 minutes
=490  0\$aEthnographic Video Online, Volume 1
=505  00$aKamchatka, Siberia - a remote land of stunning natural beauty. As Russia opens its doors, nature writer/adventurer Robert Perkins is the first American to enter this territory which has been kept strictly off-limits to all foreign travelers since World War II.
=546  \\$aIn English
=600  14$aKennan, George
=650  04$aAmerican
=650  04$aRussian
=650  04$aKoryak
=650  \4$aCultural identity
=650  \4$aTribal and national groups
=650  \4$aTravel
=650  \4$aGeysers
=650  \4$aVolcanoes
=650  \4$aRiver trips
=700  1\$aPerkins, Robert.$4pro
=700  1\$aPerkins, Robert.$4aut
=700  1\$aKnight, Christopher$c(Head of Sociology at Bexleyheath School)$4drt
=700  1\$aPeskov, Vasily$4oth
=700  1\$aPerkins, Robert.$4nrt
=773  0\$dWatertown, MA : Documentary Educational Resources (DER), 1991
=856  40$uhttp://www.aspresolver.com/aspresolver.asp?ANTH;765620$yAlexander Street Press Ethnographic Video Online
=859  \\$aORR$bAlexander Street Press
=883  0\$aLanguage codes assigned by Bayesian analysis of words present in record$d20201028$qUk$c0.9010
=985  \\$aUpgraded by BSS-generated file for WR2011-1472
=CAT  \\$aWR13_071$b00$c20130610$lBLL01$h1613
=CAT  \\$aBATCH$b00$c20130610$lBLL01$h1613
=CAT  \\$aWR16_088$c20160606$lBLL01$h1632
=CAT  \\$aBATCH-UPD$b00$c20160606$lBLL01$h1637
=CAT  \\$aW1610-0368$c20161006$lBLL01$h0938
=CAT  \\$aW1606-1753$c20171028$lBLL01$h1352
=CAT  \\$aW2011-1472$b00$c20201127$lBLL01$h1833
=CAT  \\$aBATCH-UPD$b00$c20220326$lBLL01$h1709
=FIN  \\$aY$d20130610
=LAS  \\$aBATCH-UPD$b00$c20220326$lBLL01$h1709

