=LDR  02296 gm a2200565uu 4500
=001  016428713
=003  Uk
=005  20201127183333.0
=008  100813s1968\\\\xx\|||\|||||||||||mleng\d
=FMT  \\$a  VM
=035  \\$aASP765628/ant1
=245  00$aYanomamo: A Multidisciplinary Study
=260  \\$aWatertown, MA$bDocumentary Educational Resources (DER)$c1968
=306  \\$a45 minutes
=490  0\$aEthnographic Video Online, Volume 1
=505  00$aRecorded in 1964
=520  3\$aThis film illustrates the field techniques used by a multidisciplinary team of researchers from the University of Michigan in collaboration with their Venezuelan colleagues. The film describes the team's objectives - to understand the Yanomamo population structure in genetic and social terms - and the methods used in obtaining data.
=546  \\$aIn English
=650  04$aYanomamö
=650  \4$aAgriculture
=650  \4$aCultural change and history
=650  \4$aEpidemics
=650  \4$aRural population
=650  \4$aGenetics
=650  \4$aEthnosociology
=650  \4$aTribal and national groups
=700  1\$aAsch, Timothy.$4pro
=700  1\$aChagnon, Napoleon$4pro
=700  1\$aAsch, Timothy.$4aut
=700  1\$aChagnon, Napoleon$4aut
=700  1\$aAsch, Timothy.$4drt
=700  1\$aChagnon, Napoleon$4drt
=700  1\$aChagnon, Napoleon$4oth
=700  1\$aNeel, James$4oth
=700  1\$aChagnon, Napoleon$4nrt
=700  1\$aNeel, James$4nrt
=773  0\$dWatertown, MA : Documentary Educational Resources (DER), 1968
=856  40$uhttp://www.aspresolver.com/aspresolver.asp?ANTH;765628$yAlexander Street Press Ethnographic Video Online
=859  \\$aORR$bAlexander Street Press
=883  0\$aLanguage codes assigned by Bayesian analysis of words present in record$d20201028$qUk$c0.9010
=985  \\$aUpgraded by BSS-generated file for WR2011-1472
=CAT  \\$aWR13_071$b00$c20130610$lBLL01$h1613
=CAT  \\$aBATCH$b00$c20130610$lBLL01$h1613
=CAT  \\$aWR16_088$c20160606$lBLL01$h1632
=CAT  \\$aBATCH-UPD$b00$c20160606$lBLL01$h1637
=CAT  \\$aW1610-0368$c20161006$lBLL01$h0938
=CAT  \\$aW1606-1753$c20171028$lBLL01$h1352
=CAT  \\$aW2011-1472$b00$c20201127$lBLL01$h1833
=FIN  \\$aY$d20130610
=LAS  \\$aW2011-1472$b00$c20201127$lBLL01$h1833

