=LDR  02023 gm a2200505uu 4500
=001  016428715
=003  Uk
=005  20201127183333.0
=008  100813s1968\\\\xx\|||\|||||||||||mleng\d
=FMT  \\$a  VM
=035  \\$aASP808690/ant1
=245  00$aYanomamo Shorts, Disc 1
=260  \\$aWatertown, MA$bDocumentary Educational Resources (DER)$c1968
=306  \\$a6 minutes
=490  0\$aEthnographic Video Online, Volume 1
=505  00$tArrow Game$tChildren's Magical Death --$tTug-of-War --$tA Father Washes His Children --$tA Man and His Wife Weave a Hammock --$tWeeding the Garden --$tClimbing the Peach Palm --$tFirewood --$tTapir Distribution
=520  3\$aYanomamo Shorts Disk 1 and 2 combine 17 short Yanomamo films.
=546  \\$aIn English
=650  04$aYanomamö
=650  \4$aTribal and national groups
=650  \4$aChildren's play
=650  \4$aDomestic chores
=650  \4$aDaily life
=650  \4$aFamily
=700  1\$aAsch, Timothy.$4pro
=700  1\$aChagnon, Napoleon$4pro
=700  1\$aChagnon, Napoleon$4aut
=700  1\$aAsch, Timothy.$4drt
=700  1\$aChagnon, Napoleon$4drt
=700  1\$aDedeheiwä$4oth
=700  1\$aChagnon, Napoleon$4nrt
=773  0\$dWatertown, MA : Documentary Educational Resources (DER), 1968
=856  40$uhttp://www.aspresolver.com/aspresolver.asp?ANTH;808690$yAlexander Street Press Ethnographic Video Online
=859  \\$aORR$bAlexander Street Press
=883  0\$aLanguage codes assigned by Bayesian analysis of words present in record$d20201028$qUk$c0.9010
=985  \\$aUpgraded by BSS-generated file for WR2011-1472
=CAT  \\$aWR13_071$b00$c20130610$lBLL01$h1613
=CAT  \\$aBATCH$b00$c20130610$lBLL01$h1613
=CAT  \\$aWR16_088$c20160606$lBLL01$h1632
=CAT  \\$aBATCH-UPD$b00$c20160606$lBLL01$h1637
=CAT  \\$aW1610-0368$c20161006$lBLL01$h0938
=CAT  \\$aW1606-1753$c20171028$lBLL01$h1352
=CAT  \\$aW2011-1472$b00$c20201127$lBLL01$h1833
=FIN  \\$aY$d20130610
=LAS  \\$aW2011-1472$b00$c20201127$lBLL01$h1833

