=LDR  02584 gm a2200481uu 4500
=001  016428716
=003  Uk
=005  20201127183333.0
=008  100813s1997\\\\xx\|||\|||||||||||mleng\d
=FMT  \\$a  VM
=035  \\$aASP1689456/ant1
=245  00$aYemen's Cultural Drug: Qat
=260  \\$aNew York, NY$bFilmakers Library$c1997
=306  \\$a53 minutes
=490  0\$aEthnographic Video Online, Volume 1
=505  00$aFor centuries, a veil of mystery has shrouded the ancient land of Yemen to the outside world, hiding both is fascinating tribal customs as well as its nationwide addiction to the controversial plant qat. This film explores the Yemeni culture and its dependency on qat, whic plays a central role in daily life, marriages and tribal disputes. Although banned outside Arabia, Qat recently surfaced in on the streets of London and New York. With the explosive expansion of its use worldwide, there is fierce international debate over its allegedly addictive properties. The film follows the Qat trail from its origins in Arabia. Focusing on a central character, the film tells the story of a powerful Qat trader and addict who is about to get married. His wedding is overshadowed by a bitter dispute over his Qat growing fields. What threatens to be a full blown clan war is peacefully resolved through chewing Qat.
=546  \\$aIn English
=650  04$aYemenite
=650  \4$aAddictions
=650  \4$aCultural change and history
=650  \4$aIllegal drugs
=650  \4$aRecreational drugs
=650  \4$aCultural identity
=700  1\$aMiles, John.$4pro
=700  1\$aHurley, Dawn$4aut
=700  1\$aLewis, Damien.$4aut
=700  1\$aMiles, John.$4drt
=700  1\$aChilvers, Nick.$4nrt
=773  0\$dNew York, NY : Filmakers Library, 1997
=856  40$uhttp://www.aspresolver.com/aspresolver.asp?ANTH;1689456$yAlexander Street Press Ethnographic Video Online
=859  \\$aORR$bAlexander Street Press
=883  0\$aLanguage codes assigned by Bayesian analysis of words present in record$d20201028$qUk$c0.9010
=985  \\$aUpgraded by BSS-generated file for WR2011-1472
=CAT  \\$aWR13_071$b00$c20130610$lBLL01$h1613
=CAT  \\$aBATCH$b00$c20130610$lBLL01$h1613
=CAT  \\$aBATCH-UPD$b00$c20141220$lBLL01$h0536
=CAT  \\$aWR16_088$c20160606$lBLL01$h1632
=CAT  \\$aBATCH-UPD$b00$c20160606$lBLL01$h1637
=CAT  \\$aW1610-0368$c20161006$lBLL01$h0938
=CAT  \\$aW1606-1753$c20171028$lBLL01$h1352
=CAT  \\$aW2011-1472$b00$c20201127$lBLL01$h1833
=FIN  \\$aY$d20130610
=LAS  \\$aW2011-1472$b00$c20201127$lBLL01$h1833

