=LDR  01811 gm a2200445uu 4500
=001  016428717
=003  Uk
=005  20201127183333.0
=008  100813s1973\\\\xx\|||\|||||||||||mleng\d
=FMT  \\$a  VM
=035  \\$aASP765630/ant1
=245  00$aYou Wasn't Loitering
=260  \\$aWatertown, MA$bDocumentary Educational Resources (DER)$c1973
=306  \\$a6 minutes
=490  0\$aEthnographic Video Online, Volume 1
=505  00$aThis film treats the problem of "loitering." In a number of sequences, police warn youths, police administrators discuss enforcement of loitering laws, officers are insulted, and several youths are arrested.
=546  \\$aIn English
=650  04$aAmerican
=650  \4$aLaws and legislation
=650  \4$aUrban life
=650  \4$aAdolescents
=650  \4$aArrests
=650  \4$aLaw enforcement
=700  1\$aMarshall, John,$d1932-2005$4aut
=700  1\$aMarshall, John,$d1932-2005$4drt
=773  0\$dWatertown, MA : Documentary Educational Resources (DER), 1973
=856  40$uhttp://www.aspresolver.com/aspresolver.asp?ANTH;765630$yAlexander Street Press Ethnographic Video Online
=859  \\$aORR$bAlexander Street Press
=883  0\$aLanguage codes assigned by Bayesian analysis of words present in record$d20201028$qUk$c0.9010
=985  \\$aUpgraded by BSS-generated file for WR2011-1472
=CAT  \\$aWR13_071$b00$c20130610$lBLL01$h1613
=CAT  \\$aBATCH$b00$c20130610$lBLL01$h1613
=CAT  \\$a7416$b40$c20150203$lBLL01$h1147
=CAT  \\$aBATCH-UPD$b40$c20150203$lBLL01$h1148
=CAT  \\$aWR16_088$c20160606$lBLL01$h1632
=CAT  \\$aW1610-0368$c20161006$lBLL01$h0938
=CAT  \\$aW1606-1753$c20171028$lBLL01$h1352
=CAT  \\$aW2011-1472$b00$c20201127$lBLL01$h1833
=FIN  \\$aY$d20130610
=LAS  \\$aW2011-1472$b00$c20201127$lBLL01$h1833

