=LDR  02144 gm a2200577uu 4500
=001  016428718
=003  Uk
=005  20201127183333.0
=008  100813s2008\\\\xx\|||\|||||||||||mleng\d
=FMT  \\$a  VM
=035  \\$aASP765632/ant1
=245  00$aYoung Arabs
=260  \\$aWatertown, MA$bDocumentary Educational Resources (DER)$c2008
=306  \\$a25 minutes
=490  0\$aEthnographic Video Online, Volume 1
=505  00$aYoung Arabs takes viewers inside an elite preparatory school in heart of Cairo, Egypt. The film offers a quiet encounter with a collection of students as they reflect on God, America, terrorism, marriage, the Middle East, and more.
=546  \\$aIn English
=650  04$aAmerican
=650  04$aEgyptian
=650  04$aArab
=650  \4$aStudents
=650  \4$aDeaths
=650  \4$aMarriage
=650  \4$aStereotypes
=650  \4$aIslam
=650  \4$aAdolescents
=700  1\$aGraziano, Michael.$4pro
=700  1\$aRogan, Ian.$4pro
=700  1\$aGraziano, Michael.$4aut
=700  1\$aPark, E. Joong-eun$4aut
=700  1\$aGraziano, Michael.$4drt
=700  1\$aPark, E. Joong-eun$4drt
=700  1\$aHafez, Youssef$4oth
=700  1\$aMahbrouk, Aly$4oth
=700  1\$aReda, Mohamed$4oth
=700  1\$aRiad, Bichoy$4oth
=700  1\$aToutounghi, Nader$4oth
=773  0\$dWatertown, MA : Documentary Educational Resources (DER), 2008
=856  40$uhttp://www.aspresolver.com/aspresolver.asp?ANTH;765632$yAlexander Street Press Ethnographic Video Online
=859  \\$aORR$bAlexander Street Press
=883  0\$aLanguage codes assigned by Bayesian analysis of words present in record$d20201028$qUk$c0.9010
=985  \\$aUpgraded by BSS-generated file for WR2011-1472
=CAT  \\$aWR13_071$b00$c20130610$lBLL01$h1613
=CAT  \\$aBATCH$b00$c20130610$lBLL01$h1613
=CAT  \\$aWR16_088$c20160606$lBLL01$h1632
=CAT  \\$aBATCH-UPD$b00$c20160606$lBLL01$h1637
=CAT  \\$aW1610-0368$c20161006$lBLL01$h0938
=CAT  \\$aW1606-1753$c20171028$lBLL01$h1352
=CAT  \\$aW2011-1472$b00$c20201127$lBLL01$h1833
=FIN  \\$aY$d20130610
=LAS  \\$aW2011-1472$b00$c20201127$lBLL01$h1833

