=LDR  02248 gm a2200697uu 4500
=001  016428719
=003  Uk
=005  20201127183333.0
=008  100813s1986\\\\xx\|||\|||||||||||mleng\d
=FMT  \\$a  VM
=035  \\$aASP1647025/ant1
=245  00$aYoung Love
=260  \\$aLondon, England$bBritish Broadcasting Corporation (BBC)$c1986
=306  \\$a49 minutes
=490  0\$aEthnographic Video Online, Volume 1
=505  00$aIn English
=650  04$aAmerican
=650  04$aIndian
=650  04$aKenyan
=650  04$aJapanese
=650  \4$aBirth control
=650  \4$aPersonal finances
=650  \4$aDating
=650  \4$aLove
=650  \4$aEmotional conflict
=650  \4$aHonesty
=650  \4$aParent-child relations
=650  \4$aSocial status
=650  \4$aSexual intercourse
=650  \4$aCultural identity
=650  \4$aAdolescents
=650  \4$aRomantic relationship
=700  1\$aNicholson, William.$4pro
=700  1\$aNicholson, William.$4aut
=700  0\$aAmalrāj.$4oth
=700  1\$aBrad$4oth
=700  1\$aDavis, Steve.$4oth
=700  1\$aFeloski, Cara$4oth
=700  1\$aHarani$4oth
=700  1\$aKaiyu$4oth
=700  1\$aMisty$4oth
=700  1\$aMombi, Fatima$4oth
=700  1\$aRajagopalan$4oth
=700  1\$aVijayamani$4oth
=700  1\$aYoshitaka$4oth
=700  1\$aNicholson, William.$4nrt
=773  0\$dLondon, England : British Broadcasting Corporation (BBC), 1986
=856  40$uhttp://www.aspresolver.com/aspresolver.asp?ANTH;1647025$yAlexander Street Press Ethnographic Video Online
=859  \\$aORR$bAlexander Street Press
=883  0\$aLanguage codes assigned by Bayesian analysis of words present in record$d20201028$qUk$c0.9010
=985  \\$aUpgraded by BSS-generated file for WR2011-1472
=CAT  \\$aWR13_071$b00$c20130610$lBLL01$h1613
=CAT  \\$aBATCH$b00$c20130610$lBLL01$h1613
=CAT  \\$aWR16_088$c20160606$lBLL01$h1632
=CAT  \\$aBATCH-UPD$b00$c20160606$lBLL01$h1637
=CAT  \\$aW1610-0368$c20161006$lBLL01$h0938
=CAT  \\$aW1606-1753$c20171028$lBLL01$h1352
=CAT  \\$aW2011-1472$b00$c20201127$lBLL01$h1833
=CAT  \\$aBATCH-UPD$b00$c20210205$lBLL01$h2019
=FIN  \\$aY$d20130610
=LAS  \\$aBATCH-UPD$b00$c20210205$lBLL01$h2019

