=LDR  01972 gm a2200457uu 4500
=001  016428722
=003  Uk
=005  20201127183333.0
=008  100813s1978\\\\xx\|||\|||||||||||mleng\d
=FMT  \\$a  VM
=035  \\$aASP765638/ant1
=245  00$aYoyo Man
=260  \\$aWatertown, MA$bDocumentary Educational Resources (DER)$c1978
=306  \\$a12 minutes
=490  0\$aEthnographic Video Online, Volume 1
=505  00$a"Reach for the Moon," "Loop the Loop," and many more tricks in the familiar repertoir of yoyo virtosos were created by a group of professional demonstrators, mostly Filipino, hired by the Duncan Yoyo Company during the Depression. Nemo Concepcion was among the first such demonstrators, and the originator of many tricks.
=546  \\$aIn English
=650  04$aFilipino
=650  \4$aBusiness occupations
=650  \4$aCultural identity
=650  \4$aChildren's play
=650  \4$aCultural change and history
=650  \4$aToys
=700  1\$aBishop, John Melville.$4aut
=700  1\$aBishop, John Melville.$4drt
=700  1\$aConcepción, Nemo.$4oth
=773  0\$dWatertown, MA : Documentary Educational Resources (DER), 1978
=856  40$uhttp://www.aspresolver.com/aspresolver.asp?ANTH;765638$yAlexander Street Press Ethnographic Video Online
=859  \\$aORR$bAlexander Street Press
=883  0\$aLanguage codes assigned by Bayesian analysis of words present in record$d20201028$qUk$c0.9010
=985  \\$aUpgraded by BSS-generated file for WR2011-1472
=CAT  \\$aWR13_071$b00$c20130610$lBLL01$h1613
=CAT  \\$aBATCH$b00$c20130610$lBLL01$h1613
=CAT  \\$aBATCH-UPD$b00$c20130610$lBLL01$h1622
=CAT  \\$aWR16_088$c20160606$lBLL01$h1632
=CAT  \\$aBATCH-UPD$b00$c20160606$lBLL01$h1637
=CAT  \\$aW1610-0368$c20161006$lBLL01$h0938
=CAT  \\$aW1606-1753$c20171028$lBLL01$h1352
=CAT  \\$aW2011-1472$b00$c20201127$lBLL01$h1833
=FIN  \\$aY$d20130610
=LAS  \\$aW2011-1472$b00$c20201127$lBLL01$h1833

