=LDR  01911 gm a2200469uu 4500
=001  016428723
=003  Uk
=005  20201127183333.0
=008  100813s2003\\\\xx\|||\|||||||||||mleng\d
=FMT  \\$a  VM
=035  \\$aASP765640/ant1
=245  00$aYuri Vella's World
=260  \\$aWatertown, MA$bDocumentary Educational Resources (DER)$c2003
=306  \\$a58 minutes
=490  0\$aEthnographic Video Online, Volume 1
=505  00$aThe documentary follows Yuri Vella, writer and social activist of the Forest Nenets living in West-Siberia. To give his grandchildren proper education in their natural environment and teach them reindeer herding skills, he establishes an elementary school in his winter camp.
=546  \\$aIn Russian, Subtitles in English
=650  04$aNenets
=650  \4$aEducation
=650  \4$aSchools
=650  \4$aFamily
=650  \4$aCaribou
=650  \4$aHerders
=650  \4$aTribal and national groups
=700  1\$aNiglas, Liivo.$4pro
=700  1\$aNiglas, Liivo.$4aut
=700  1\$aNiglas, Liivo.$4drt
=700  1\$aVella, Yuri$4oth
=773  0\$dWatertown, MA : Documentary Educational Resources (DER), 2003
=856  40$uhttp://www.aspresolver.com/aspresolver.asp?ANTH;765640$yAlexander Street Press Ethnographic Video Online
=859  \\$aORR$bAlexander Street Press
=883  0\$aLanguage codes assigned by Bayesian analysis of words present in record$d20201028$qUk$c0.9010
=985  \\$aUpgraded by BSS-generated file for WR2011-1472
=CAT  \\$aWR13_071$b00$c20130610$lBLL01$h1613
=CAT  \\$aBATCH$b00$c20130610$lBLL01$h1613
=CAT  \\$aWR16_088$c20160606$lBLL01$h1632
=CAT  \\$aBATCH-UPD$b00$c20160606$lBLL01$h1637
=CAT  \\$aW1610-0368$c20161006$lBLL01$h0938
=CAT  \\$aW1606-1753$c20171028$lBLL01$h1352
=CAT  \\$aW2011-1472$b00$c20201127$lBLL01$h1833
=FIN  \\$aY$d20130610
=LAS  \\$aW2011-1472$b00$c20201127$lBLL01$h1833

