=LDR  02077 gm a2200481uu 4500
=001  016428724
=003  Uk
=005  20201127183333.0
=008  100813s1981\\\\xx\|||\|||||||||||mleng\d
=FMT  \\$a  VM
=035  \\$aASP764416/ant1
=245  00$aA Zenana: Scenes and Recollections
=260  \\$aWatertown, MA$bDocumentary Educational Resources (DER)$c1981
=306  \\$a35 minutes
=490  0\$aEthnographic Video Online, Volume 1
=505  00$aIn India, the most secluded section of the palace was the zenana, or women's quarters. Here, until recently, palace women lived behind protective walls and brass doors firmly shut at night. This film is an account of women's life in the Dhrangadra, in northern India, the seat of power of the Jhala Rajputs from the 11th century A.D. until 1947.
=546  \\$aIn English
=650  04$aNorthern Indian
=650  \4$aPolitics
=650  \4$aSexuality
=650  \4$aGender status
=650  \4$aWomen
=650  \4$aCultural participation
=700  1\$aSandall, Roger.$4pro
=700  1\$aJhala, Jayasinhji.$4aut
=700  1\$aSandall, Roger.$4aut
=700  1\$aJhala, Jayasinhji.$4drt
=700  1\$aSandall, Roger.$4drt
=700  1\$aSahiba, Shrimati Sri Rajni Brijraj Kunverba$4oth
=773  0\$dWatertown, MA : Documentary Educational Resources (DER), 1981
=856  40$uhttp://www.aspresolver.com/aspresolver.asp?ANTH;764416$yAlexander Street Press Ethnographic Video Online
=859  \\$aORR$bAlexander Street Press
=883  0\$aLanguage codes assigned by Bayesian analysis of words present in record$d20201028$qUk$c0.9010
=985  \\$aUpgraded by BSS-generated file for WR2011-1472
=CAT  \\$aWR13_071$b00$c20130610$lBLL01$h1613
=CAT  \\$aBATCH$b00$c20130610$lBLL01$h1613
=CAT  \\$aWR16_088$c20160606$lBLL01$h1632
=CAT  \\$aBATCH-UPD$b00$c20160606$lBLL01$h1637
=CAT  \\$aW1610-0368$c20161006$lBLL01$h0938
=CAT  \\$aW1606-1753$c20171028$lBLL01$h1352
=CAT  \\$aW2011-1472$b00$c20201127$lBLL01$h1833
=FIN  \\$aY$d20130610
=LAS  \\$aW2011-1472$b00$c20201127$lBLL01$h1833

