=LDR  02156 gm a2200469uu 4500
=001  016428725
=003  Uk
=005  20201127183333.0
=008  100813s2002\\\\xx\|||\|||||||||||mleng\d
=FMT  \\$a  VM
=035  \\$aASP765554/ant1
=245  00$aVideo in the Villages Presents Itself
=260  \\$aWatertown, MA$bDocumentary Educational Resources (DER)$c2002
=306  \\$a9 minutes
=490  0\$aEthnographic Video Online, Volume 1
=505  00$aVideo in the Villages presents its recent progress and its indigenous workshops of training and production. Founded in 1987, the project began with the introduction of video in indigenous communities that produced documentaries for their own purposes. In 1995, the opening of a space on educational TV in Cuiabá, led the project to produce the "Indigenous Program," an original experience for the first time on Brazilian television.
=546  \\$aIn English
=650  04$aAmerican Indian
=650  \4$aCommunications technology
=650  \4$aTelevision
=650  \4$aTribal and national groups
=650  \4$aCultural identity
=700  1\$aCarelli, Vincent.$4aut
=700  1\$aCorrêa, Mari.$4aut
=700  1\$aCarelli, Vincent.$4drt
=700  1\$aCorrêa, Mari.$4drt
=700  1\$aHoops, Frieda$4nrt
=773  0\$dWatertown, MA : Documentary Educational Resources (DER), 2002
=856  40$uhttp://www.aspresolver.com/aspresolver.asp?ANTH;765554$yAlexander Street Press Ethnographic Video Online
=859  \\$aORR$bAlexander Street Press
=883  0\$aLanguage codes assigned by Bayesian analysis of words present in record$d20201028$qUk$c0.9010
=985  \\$aUpgraded by BSS-generated file for WR2011-1472
=CAT  \\$aWR13_071$b00$c20130610$lBLL01$h1613
=CAT  \\$aBATCH$b00$c20130610$lBLL01$h1613
=CAT  \\$aWR16_088$c20160606$lBLL01$h1632
=CAT  \\$aBATCH-UPD$b00$c20160606$lBLL01$h1637
=CAT  \\$aW1610-0368$c20161006$lBLL01$h0938
=CAT  \\$aW1606-1753$c20171028$lBLL01$h1352
=CAT  \\$aBATCH-UPD$b00$c20180517$lBLL01$h2051
=CAT  \\$aW2011-1472$b00$c20201127$lBLL01$h1833
=FIN  \\$aY$d20130610
=LAS  \\$aW2011-1472$b00$c20201127$lBLL01$h1833

