=LDR  02602 gm a2200469uu 4500
=001  016428726
=003  Uk
=005  20201127183333.0
=008  100813s1993\\\\xx\|||\|||||||||||mleng\d
=FMT  \\$a  VM
=035  \\$aASP1689454/ant1
=245  00$aVietnam Mission
=260  \\$aNew York, NY$bFilmakers Library$c1993
=306  \\$a56 minutes
=490  0\$aEthnographic Video Online, Volume 1
=505  00$aThis is the story of a remarkable Canadian-American missionary couple who settled, in 1929, among the Montagnard tribes of Vietnam's central highlands. For 50 years, Gordon and Laura Smith lived there, preaching, working to open leprosariums and orphanages, and compiling a unique archive of diaries, books, photographs, and 16 mm films that record a fascinating way of life that has now vanished. The full sweep of 20th century Vietnamese history is conveyed in these images of French colonialism, Japanese invasion, and American intervention. Interwoven with archival footage and traditional music are interviews with surviving Montagnards and Dr. Gerald Hickey, the foremost American anthropologist on Montagnard cultures. Produced and directed by the Smith's grandson, an EMMY Award-winning filmmaker, Vietnam Mission examines many little-known facets of foreign involvement in Vietnam and examines the impact of missionary work on ethnic groups ravaged by events outside their control.
=546  \\$aIn English
=600  14$aSmith, Gordon Hedderly
=600  14$aSmith, Laura Irene Ivory
=650  04$aMontagnard
=650  \4$aWar
=650  \4$aCultural assimilation
=650  \4$aReligious missions
=650  \4$aTribal and national groups
=650  \4$aMissionaries
=700  1\$aSmith, Douglas W.$4pro
=700  1\$aSmith, Douglas W.$4aut
=700  1\$aSmith, Douglas W.$4drt
=700  1\$aKuralt, Charles$4nrt
=773  0\$dNew York, NY : Filmakers Library, 1993
=856  40$uhttp://www.aspresolver.com/aspresolver.asp?ANTH;1689454$yAlexander Street Press Ethnographic Video Online
=859  \\$aORR$bAlexander Street Press
=883  0\$aLanguage codes assigned by Bayesian analysis of words present in record$d20201028$qUk$c0.9010
=985  \\$aUpgraded by BSS-generated file for WR2011-1472
=CAT  \\$aWR13_071$b00$c20130610$lBLL01$h1613
=CAT  \\$aBATCH$b00$c20130610$lBLL01$h1613
=CAT  \\$aWR16_088$c20160606$lBLL01$h1632
=CAT  \\$aW1610-0368$c20161006$lBLL01$h0938
=CAT  \\$aW1606-1753$c20171028$lBLL01$h1352
=CAT  \\$aW2011-1472$b00$c20201127$lBLL01$h1833
=FIN  \\$aY$d20130610
=LAS  \\$aW2011-1472$b00$c20201127$lBLL01$h1833

