=LDR  01920 gm a2200457uu 4500
=001  016428727
=003  Uk
=005  20201127183333.0
=008  100813s1968\\\\xx\|||\|||||||||||mleng\d
=FMT  \\$a  VM
=035  \\$aASP765470/ant1
=245  00$aThe Village
=260  \\$aWatertown, MA$bDocumentary Educational Resources (DER)$c1968
=306  \\$a70 minutes
=490  0\$aEthnographic Video Online, Volume 1
=505  00$aRecorded in 1967
=520  3\$aIn intimate study of the slow-paced diurnal round of activity in Dunquin, County Kerry, Ireland, the westernmost village in Europe and one of the last Gaelic-speaking communities. At the fime of filming, 1967, the village consisted of 180 people, most elderly and poor.
=546  \\$aIn English, Gaelic, Subtitles in English
=650  04$aIrish
=650  \4$aCultural identity
=650  \4$aLanguage
=650  \4$aImmigration and emigration
=650  \4$aRural population
=650  \4$aCultural change and history
=700  1\$aYoung, Colin.$4pro
=700  1\$aHockings, Paul.$4aut
=700  1\$aMcCarty, Mark.$4drt
=773  0\$dWatertown, MA : Documentary Educational Resources (DER), 1968
=856  40$uhttp://www.aspresolver.com/aspresolver.asp?ANTH;765470$yAlexander Street Press Ethnographic Video Online
=859  \\$aORR$bAlexander Street Press
=883  0\$aLanguage codes assigned by Bayesian analysis of words present in record$d20201028$qUk$c0.9010
=985  \\$aUpgraded by BSS-generated file for WR2011-1472
=CAT  \\$aWR13_071$b00$c20130610$lBLL01$h1613
=CAT  \\$aBATCH$b00$c20130610$lBLL01$h1613
=CAT  \\$aWR16_088$c20160606$lBLL01$h1632
=CAT  \\$aBATCH-UPD$b00$c20160606$lBLL01$h1637
=CAT  \\$aW1610-0368$c20161006$lBLL01$h0938
=CAT  \\$aW1606-1753$c20171028$lBLL01$h1352
=CAT  \\$aW2011-1472$b00$c20201127$lBLL01$h1833
=FIN  \\$aY$d20130610
=LAS  \\$aW2011-1472$b00$c20201127$lBLL01$h1833

