=LDR  02224 gm a2200433uu 4500
=001  016428728
=003  Uk
=005  20201127183333.0
=008  100813s1999\\\\xx\|||\|||||||||||mleng\d
=FMT  \\$a  VM
=035  \\$aASP765556/ant1
=245  00$aVineyard Chronicle (Chronique Vigneronne)
=260  \\$aWatertown, MA$bDocumentary Educational Resources (DER)$c1999
=306  \\$a84 minutes
=490  0\$aEthnographic Video Online, Volume 1
=505  00$aHow does one make wine from grapes? Following the rhythm of the four seasons of a wine grower's year, Vineyard Chronicle shows us the work, the worries and the joys of a family of wine growers and producers, the Potterats of Lavaux, Switzerland. Three generations who live and work together, keeping up old-time traditions.Techniques may have changed and know-how may have improved, but the pitched region of Lavaux has seen relatively little mechanization due to the small size of the holdings. The love of a job well done is what sets these "gardeners of the vine" apart, with their delight in healthy grapes and the need to see and touch what they produce.
=546  \\$aIn French, Subtitles in English
=650  04$aSwiss
=650  \4$aAgriculture
=650  \4$aVineyard life
=650  \4$aWine making
=650  \4$aWine
=650  \4$aVineyards
=700  1\$aVeuve, Jacqueline.$4aut
=700  1\$aVeuve, Jacqueline.$4drt
=773  0\$dWatertown, MA : Documentary Educational Resources (DER), 1999
=856  40$uhttp://www.aspresolver.com/aspresolver.asp?ANTH;765556$yAlexander Street Press Ethnographic Video Online
=859  \\$aORR$bAlexander Street Press
=883  0\$aLanguage codes assigned by Bayesian analysis of words present in record$d20201028$qUk$c0.9010
=985  \\$aUpgraded by BSS-generated file for WR2011-1472
=CAT  \\$aWR13_071$b00$c20130610$lBLL01$h1613
=CAT  \\$aBATCH$b00$c20130610$lBLL01$h1613
=CAT  \\$aWR16_088$c20160606$lBLL01$h1632
=CAT  \\$aBATCH-UPD$b00$c20160606$lBLL01$h1637
=CAT  \\$aW1610-0368$c20161006$lBLL01$h0938
=CAT  \\$aW1606-1753$c20171028$lBLL01$h1352
=CAT  \\$aW2011-1472$b00$c20201127$lBLL01$h1833
=FIN  \\$aY$d20130610
=LAS  \\$aW2011-1472$b00$c20201127$lBLL01$h1833

