=LDR  01842 gm a2200433uu 4500
=001  016428747
=003  Uk
=005  20201127183333.0
=008  100813s1990\\\\xx\|||\|||||||||||mleng\d
=FMT  \\$a  VM
=035  \\$aASP1879832/ant2
=245  00$a1700 Metres from the Future
=260  \\$aLondon, UK$bRoyal Anthropological Institute$c1990
=306  \\$a84 minutes
=490  0\$aEthnographic Video Online, Volume 2
=505  00$aInhabitants of an isolated settlement called Gásadalur (on the Faroe Islands in the North Atlantic) discuss the pending tunnel planned to connect them to the rest of the island. They share their outlooks concerning the future impact it will have on their present way of life and living conditions.
=546  \\$aIn English, Subtitles in English
=650  04$aFaroese
=650  \4$aIslands
=650  \4$aConstruction
=650  \4$aCultural change and history
=650  \4$aHerders
=650  \4$aAgrarian life
=650  \4$aRural population
=700  1\$aRasmussen, Ulla.$4drt
=773  0\$dLondon, UK : Royal Anthropological Institute, 1990
=856  40$uhttp://www.aspresolver.com/aspresolver.asp?ANTH;1879832$yAlexander Street Press Ethnographic Video Online
=859  \\$aORR$bAlexander Street Press
=883  0\$aLanguage codes assigned by Bayesian analysis of words present in record$d20201028$qUk$c0.9010
=985  \\$aUpgraded by BSS-generated file for WR2011-1472
=CAT  \\$aWR13_071$b00$c20130610$lBLL01$h1629
=CAT  \\$aBATCH$b00$c20130610$lBLL01$h1629
=CAT  \\$aWR16_088$c20160606$lBLL01$h1632
=CAT  \\$aBATCH-UPD$b00$c20160606$lBLL01$h1637
=CAT  \\$aW1610-0368$c20161006$lBLL01$h0938
=CAT  \\$aW1606-1753$c20171028$lBLL01$h1352
=CAT  \\$aW2011-1472$b00$c20201127$lBLL01$h1833
=FIN  \\$aY$d20130610
=LAS  \\$aW2011-1472$b00$c20201127$lBLL01$h1833

