=LDR  01851 gm a2200421uu 4500
=001  016428748
=003  Uk
=005  20201127183333.0
=008  100813s2006\\\\xx\|||\|||||||||||mleng\d
=FMT  \\$a  VM
=035  \\$aASP1870958/ant2
=245  00$a37 Uses for a Dead Sheep
=260  \\$aLondon, UK$bRoyal Anthropological Institute$c2006
=306  \\$a68 minutes
=490  0\$aEthnographic Video Online, Volume 2
=505  00$aRecorded in 2005
=520  3\$aThe Pamir Kirghiz are a tribe of some 2,000 people from the Pamir region of Central Asia. For the last 27 years they have lived in exile in Eastern Turkey. In 2005 an Anglo-Turkish film crew arrives in their village to work with the tribe to tell their story. (Winner Basil Wright Film Prize 2007)
=546  \\$aIn Turkish, English, Kyrgyz, Subtitles in English
=650  04$aKyrgyz
=650  \4$aTribal and national groups
=650  \4$aExile
=650  \4$aHistorical reconstructions
=650  \4$aCultural change and history
=700  1\$aHopkins, Ben.$4drt
=773  0\$dLondon, UK : Royal Anthropological Institute, 2006
=856  40$uhttp://www.aspresolver.com/aspresolver.asp?ANTH;1870958$yAlexander Street Press Ethnographic Video Online
=859  \\$aORR$bAlexander Street Press
=883  0\$aLanguage codes assigned by Bayesian analysis of words present in record$d20201028$qUk$c0.9010
=985  \\$aUpgraded by BSS-generated file for WR2011-1472
=CAT  \\$aWR13_071$b00$c20130610$lBLL01$h1629
=CAT  \\$aBATCH$b00$c20130610$lBLL01$h1629
=CAT  \\$aWR16_088$c20160606$lBLL01$h1632
=CAT  \\$aBATCH-UPD$b00$c20160606$lBLL01$h1637
=CAT  \\$aW1610-0368$c20161006$lBLL01$h0938
=CAT  \\$aW1606-1753$c20171028$lBLL01$h1352
=CAT  \\$aW2011-1472$b00$c20201127$lBLL01$h1833
=FIN  \\$aY$d20130610
=LAS  \\$aW2011-1472$b00$c20201127$lBLL01$h1833

