=LDR  02147 gm a2200433uu 4500
=001  016428749
=003  Uk
=005  20201127183333.0
=008  100813s1999\\\\xx\|||\|||||||||||mleng\d
=FMT  \\$a  VM
=035  \\$aASP1879804/ant2
=245  00$aDaba / Na Shaman
=260  \\$aLondon, UK$bRoyal Anthropological Institute$c1999
=306  \\$a40 minutes
=490  0\$aEthnographic Video Online, Volume 2
=505  00$aAfter more than a quarter of a century without any form of religious ceremony, the Na, an ethnic group living on the Himalayan plateau, began openly practising their religion again in the early 1990s. Their priests are called daba. Among the few old shamans who are still living today, Dafa Luzo is the most remarkable. As the main character in the film, we see him looking after his farm and his family, as well as performing rituals to expel all unclean spirits and demons and honour the ancestors. His main worry, and his greatest hope, is to make sure his knowledge is safely handed down to the next generation.
=546  \\$aIn English, Subtitles in English
=650  04$aChinese
=650  \4$aFarm life
=650  \4$aDemonic possession
=650  \4$aMountains
=650  \4$aShamanism
=650  \4$aReligious rites and ceremonies
=700  1\$aCai, Hua.$4pro
=700  1\$aCai, Hua.$4drt
=773  0\$dLondon, UK : Royal Anthropological Institute, 1999
=856  40$uhttp://www.aspresolver.com/aspresolver.asp?ANTH;1879804$yAlexander Street Press Ethnographic Video Online
=859  \\$aORR$bAlexander Street Press
=883  0\$aLanguage codes assigned by Bayesian analysis of words present in record$d20201028$qUk$c0.9010
=985  \\$aUpgraded by BSS-generated file for WR2011-1472
=CAT  \\$aWR13_071$b00$c20130610$lBLL01$h1629
=CAT  \\$aBATCH$b00$c20130610$lBLL01$h1629
=CAT  \\$aWR16_088$c20160606$lBLL01$h1632
=CAT  \\$aBATCH-UPD$b00$c20160606$lBLL01$h1637
=CAT  \\$aW1610-0368$c20161006$lBLL01$h0938
=CAT  \\$aW1606-1753$c20171028$lBLL01$h1352
=CAT  \\$aW2011-1472$b00$c20201127$lBLL01$h1833
=FIN  \\$aY$d20130610
=LAS  \\$aW2011-1472$b00$c20201127$lBLL01$h1833

