=LDR  01809 gm a2200421uu 4500
=001  016428750
=003  Uk
=005  20201127183333.0
=008  100813s2006\\\\xx\|||\|||||||||||mleng\d
=FMT  \\$a  VM
=035  \\$aASP1859883/ant2
=245  00$aAbderahim
=260  \\$aParis, France$bZED$c2006
=306  \\$a5 minutes
=490  0\$aEthnographic Video Online, Volume 2
=505  00$aLife is not always taught on school benches. In many countries, children must first learn ancestral traditions and know-hows. This series invites kids to travel the world and discover other lifestyles and ways of growing up. Each episode features a different child who is initiated by an elder to a special task in which he will have to demonstrate courage and maturity.
=546  \\$aIn English
=650  04$aChadian
=650  \4$aWater supply
=650  \4$aCamels
=650  \4$aTribal and national groups
=700  1\$aCatteau, Manuel$4pro
=700  1\$aFlauder, Gauthier.$4drt
=700  1\$aForrest, Jodie.$4nrt
=773  0\$dParis, France : ZED, 2006
=856  40$uhttp://www.aspresolver.com/aspresolver.asp?ANTH;1859883$yAlexander Street Press Ethnographic Video Online
=859  \\$aORR$bAlexander Street Press
=883  0\$aLanguage codes assigned by Bayesian analysis of words present in record$d20201028$qUk$c0.9010
=985  \\$aUpgraded by BSS-generated file for WR2011-1472
=CAT  \\$aWR13_071$b00$c20130610$lBLL01$h1629
=CAT  \\$aBATCH$b00$c20130610$lBLL01$h1629
=CAT  \\$aWR16_088$c20160606$lBLL01$h1632
=CAT  \\$aBATCH-UPD$b00$c20160606$lBLL01$h1637
=CAT  \\$aW1610-0368$c20161006$lBLL01$h0938
=CAT  \\$aW1606-1753$c20171028$lBLL01$h1352
=CAT  \\$aW2011-1472$b00$c20201127$lBLL01$h1833
=FIN  \\$aY$d20130610
=LAS  \\$aW2011-1472$b00$c20201127$lBLL01$h1833

