=LDR  01392 gm a2200385uu 4500
=001  016428751
=003  Uk
=005  20201127183333.0
=008  100813s2008\\\\xx\|||\|||||||||||mleng\d
=FMT  \\$a  VM
=035  \\$aASP1870995/ant2
=245  00$aAcross the Border: Afghan Musicians exiled in Peshawar
=260  \\$aLondon, UK$bRoyal Anthropological Institute$c2008
=306  \\$a54 minutes
=490  0\$aEthnographic Video Online, Volume 2
=505  00$aIn English
=650  04$aAfghan
=650  \4$aExile
=650  \4$aMusicians
=650  \4$aCultural identity
=650  \4$aMusic
=700  1\$aBaily, John$4drt
=773  0\$dLondon, UK : Royal Anthropological Institute, 2008
=856  40$uhttp://www.aspresolver.com/aspresolver.asp?ANTH;1870995$yAlexander Street Press Ethnographic Video Online
=859  \\$aORR$bAlexander Street Press
=883  0\$aLanguage codes assigned by Bayesian analysis of words present in record$d20201028$qUk$c0.9010
=985  \\$aUpgraded by BSS-generated file for WR2011-1472
=CAT  \\$aWR13_071$b00$c20130610$lBLL01$h1629
=CAT  \\$aBATCH$b00$c20130610$lBLL01$h1629
=CAT  \\$aWR16_088$c20160606$lBLL01$h1632
=CAT  \\$aW1610-0368$c20161006$lBLL01$h0938
=CAT  \\$aW1606-1753$c20171028$lBLL01$h1352
=CAT  \\$aW2011-1472$b00$c20201127$lBLL01$h1833
=FIN  \\$aY$d20130610
=LAS  \\$aW2011-1472$b00$c20201127$lBLL01$h1833

