=LDR  02595 gm a2200433uu 4500
=001  016428752
=003  Uk
=005  20201127183333.0
=008  100813s2001\\\\xx\|||\|||||||||||mleng\d
=FMT  \\$a  VM
=035  \\$aASP1871037/ant2
=245  00$aAdhiambo - Born in the Evening
=260  \\$aLondon, UK$bRoyal Anthropological Institute$c2001
=306  \\$a66 minutes
=490  0\$aEthnographic Video Online, Volume 2
=520  3\$a'Adhiambo' means 'the one born in the evening' in the language of the Luo of western Kenya. The film follows NyaSeme, a married mother and grandmother in her late 30s, during the last month of her pregnancy and through the first weeks of her newborn daughter's life. The first part of the film focuses on everyday life in NyaSeme's home, as well as on the work of the anthropologists in the home, who themselves are expecting a child, which is born shortly after NyaSeme's. The second part follows the various small illnesses that the child, goes through. NyaSeme employs the herbal resources of the bush surrounding the home as well as those of the government dispensary; simultaneously, Otto, the anthropologists' son falls ill and receives various forms of medical treatment. The film creates a personal account of a woman's life, motherhood, children and the maintenance of bodily health in rural western Kenya, as well as insights into the reflexive and relational nature of ethnographic fieldwork.
=546  \\$aIn English, Subtitles in English
=650  04$aLuo
=650  \4$aField work for anthropology
=650  \4$aChildbirth
=650  \4$aPregnancy
=650  \4$aTribal and national groups
=700  1\$aGeissler, Wenzel.$4drt
=700  1\$aPrince, Ruth.$4drt
=700  1\$aTuchtenhagen, Ruth$4drt
=773  0\$dLondon, UK : Royal Anthropological Institute, 2001
=856  40$uhttp://www.aspresolver.com/aspresolver.asp?ANTH;1871037$yAlexander Street Press Ethnographic Video Online
=859  \\$aORR$bAlexander Street Press
=883  0\$aLanguage codes assigned by Bayesian analysis of words present in record$d20201028$qUk$c0.9010
=985  \\$aUpgraded by BSS-generated file for WR2011-1472
=CAT  \\$aWR13_071$b00$c20130610$lBLL01$h1629
=CAT  \\$aBATCH$b00$c20130610$lBLL01$h1629
=CAT  \\$aBATCH-UPD$b00$c20150503$lBLL01$h2050
=CAT  \\$aWR16_088$c20160606$lBLL01$h1632
=CAT  \\$aW1610-0368$c20161006$lBLL01$h0938
=CAT  \\$aW1606-1753$c20171028$lBLL01$h1352
=CAT  \\$aW2011-1472$b00$c20201127$lBLL01$h1833
=FIN  \\$aY$d20130610
=LAS  \\$aW2011-1472$b00$c20201127$lBLL01$h1833

