=LDR  01841 gm a2200433uu 4500
=001  016428753
=003  Uk
=005  20201127183333.0
=008  100813s2001\\\\xx\|||\|||||||||||mleng\d
=FMT  \\$a  VM
=035  \\$aASP1879785/ant2
=245  00$aThe Ainu Bear Ceremony
=260  \\$aLondon, UK$bRoyal Anthropological Institute$c2001
=306  \\$a29 minutes
=490  0\$aEthnographic Video Online, Volume 2
=505  00$aRecorded in 1931
=520  3\$aThe RAI has reedited the original film of this ceremony among the Ainu people of Japan. In the bear ceremony, now no longer performed, a specially reared bear was reverently killed and its flesh and blood eaten by the participants. The film shows a series of ritual acts with some commentary on their meaning.
=546  \\$aIn English
=650  04$aAinu
=650  \4$aEthnozoology
=650  \4$aTribal and national groups
=650  \4$aCultural change and history
=650  \4$aReligious beliefs
=650  \4$aCustoms
=650  \4$aReligious rites and ceremonies
=700  1\$aMunro, Neil Gordon$4drt
=773  0\$dLondon, UK : Royal Anthropological Institute, 2001
=856  40$uhttp://www.aspresolver.com/aspresolver.asp?ANTH;1879785$yAlexander Street Press Ethnographic Video Online
=859  \\$aORR$bAlexander Street Press
=883  0\$aLanguage codes assigned by Bayesian analysis of words present in record$d20201028$qUk$c0.9010
=985  \\$aUpgraded by BSS-generated file for WR2011-1472
=CAT  \\$aWR13_071$b00$c20130610$lBLL01$h1629
=CAT  \\$aBATCH$b00$c20130610$lBLL01$h1629
=CAT  \\$aWR16_088$c20160606$lBLL01$h1632
=CAT  \\$aW1610-0368$c20161006$lBLL01$h0938
=CAT  \\$aW1606-1753$c20171028$lBLL01$h1352
=CAT  \\$aW2011-1472$b00$c20201127$lBLL01$h1833
=FIN  \\$aY$d20130610
=LAS  \\$aW2011-1472$b00$c20201127$lBLL01$h1833

