=LDR  01768 gm a2200421uu 4500
=001  016428754
=003  Uk
=005  20201127183333.0
=008  100813s1994\\\\xx\|||\|||||||||||mleng\d
=FMT  \\$a  VM
=035  \\$aASP1871051/ant2
=245  00$aAmir - An Afghan Refugee Musician's Life in Peshavar, Pakistan
=260  \\$aLondon, UK$bRoyal Anthropological Institute$c1994
=306  \\$a53 minutes
=490  0\$aEthnographic Video Online, Volume 2
=505  00$aAmir, an Afghan refugee in Pakistan, tells his story through music. His work with other musicians and his precarious existence as a refugee are at the centre of the film. Sensitive camerawork and direction makes this a film of insight and beauty.
=546  \\$aIn English, Subtitles in English
=650  04$aAfghan
=650  \4$aMusic
=650  \4$aCultural identity
=650  \4$aRefugees
=650  \4$aMusicians
=700  1\$aBaily, John$4drt
=700  0\$aAmir.$4oth
=773  0\$dLondon, UK : Royal Anthropological Institute, 1994
=856  40$uhttp://www.aspresolver.com/aspresolver.asp?ANTH;1871051$yAlexander Street Press Ethnographic Video Online
=859  \\$aORR$bAlexander Street Press
=883  0\$aLanguage codes assigned by Bayesian analysis of words present in record$d20201028$qUk$c0.9010
=985  \\$aUpgraded by BSS-generated file for WR2011-1472
=CAT  \\$aWR13_071$b00$c20130610$lBLL01$h1629
=CAT  \\$aBATCH$b00$c20130610$lBLL01$h1629
=CAT  \\$aBATCH-UPD$b00$c20130610$lBLL01$h1630
=CAT  \\$aWR16_088$c20160606$lBLL01$h1632
=CAT  \\$aW1610-0368$c20161006$lBLL01$h0938
=CAT  \\$aW1606-1753$c20171028$lBLL01$h1352
=CAT  \\$aW2011-1472$b00$c20201127$lBLL01$h1833
=FIN  \\$aY$d20130610
=LAS  \\$aW2011-1472$b00$c20201127$lBLL01$h1833

