=LDR  02018 gm a2200433uu 4500
=001  016428756
=003  Uk
=005  20201127183333.0
=008  100813s2006\\\\xx\|||\|||||||||||mleng\d
=FMT  \\$a  VM
=035  \\$aASP1860634/ant2
=245  00$aThe Baaka Opera
=260  \\$aParis, France$bZED$c2006
=306  \\$a51 minutes
=490  0\$aEthnographic Video Online, Volume 2
=505  00$aIn the heart of Central Africa's equatorial forest, strange music merge from the dense jungle. They are the Baaka pygmies, who sing and dance to appeal to the spirits of hunting and honey gathering. Their life is a never-ending song that expresses their intense spirituality and their deep communion with the forest. Produced under the High Patronage of Unesco, this film follows the daily lives of a group of Baaka, who live only of hunting, honey gathering and singing. Our aim is to present this unique culture, and to show that if it were to disappear, the world would be poorer for it
=546  \\$aIn English, Subtitles in English
=650  04$aPygmy
=650  04$aBaAka
=650  \4$aSocial dances
=650  \4$aSinging
=650  \4$aForaging
=650  \4$aHunting
=650  \4$aSongs
=650  \4$aTribal and national groups
=700  1\$aQueyrat, Jean$4drt
=773  0\$dParis, France : ZED, 2006
=856  40$uhttp://www.aspresolver.com/aspresolver.asp?ANTH;1860634$yAlexander Street Press Ethnographic Video Online
=859  \\$aORR$bAlexander Street Press
=883  0\$aLanguage codes assigned by Bayesian analysis of words present in record$d20201028$qUk$c0.9010
=985  \\$aUpgraded by BSS-generated file for WR2011-1472
=CAT  \\$aWR13_071$b00$c20130610$lBLL01$h1629
=CAT  \\$aBATCH$b00$c20130610$lBLL01$h1629
=CAT  \\$aWR16_088$c20160606$lBLL01$h1632
=CAT  \\$aW1610-0368$c20161006$lBLL01$h0938
=CAT  \\$aW1606-1753$c20171028$lBLL01$h1352
=CAT  \\$aW2011-1472$b00$c20201127$lBLL01$h1833
=FIN  \\$aY$d20130610
=LAS  \\$aW2011-1472$b00$c20201127$lBLL01$h1833

