=LDR  01992 gm a2200433uu 4500
=001  016428758
=003  Uk
=005  20201127183333.0
=008  100813s1997\\\\xx\|||\|||||||||||mleng\d
=FMT  \\$a  VM
=035  \\$aASP1871065/ant2
=245  00$aBarbara and Her Friends in Candombleland
=260  \\$aLondon, UK$bRoyal Anthropological Institute$c1997
=306  \\$a58 minutes
=490  0\$aEthnographic Video Online, Volume 2
=505  00$aIn the divine Afro Brazilian cult Candomble is an initiation religion centred around possession. The filmmakers concentrate on children who introduce and guide us to this world. The children play at Candomble. Passing from simulation of the representation, the children touch on the possession dance. Many are eager to be possessed. The film explores what Candomble may offer them.
=546  \\$aIn Portuguese, English, Subtitles in English
=650  04$aAfrican Brazilian
=650  \4$aReligious rites and ceremonies
=650  \4$aChildren's play
=650  \4$aSocial dances
=650  \4$aSpiritual possession
=650  \4$aReligious beliefs
=700  1\$aOpipari, Carmen.$4drt
=700  1\$aTimbert, Sylvie$4drt
=773  0\$dLondon, UK : Royal Anthropological Institute, 1997
=856  40$uhttp://www.aspresolver.com/aspresolver.asp?ANTH;1871065$yAlexander Street Press Ethnographic Video Online
=859  \\$aORR$bAlexander Street Press
=883  0\$aLanguage codes assigned by Bayesian analysis of words present in record$d20201028$qUk$c0.9010
=985  \\$aUpgraded by BSS-generated file for WR2011-1472
=CAT  \\$aWR13_071$b00$c20130610$lBLL01$h1629
=CAT  \\$aBATCH$b00$c20130610$lBLL01$h1629
=CAT  \\$aWR16_088$c20160606$lBLL01$h1632
=CAT  \\$aBATCH-UPD$b00$c20160606$lBLL01$h1637
=CAT  \\$aW1610-0368$c20161006$lBLL01$h0938
=CAT  \\$aW1606-1753$c20171028$lBLL01$h1352
=CAT  \\$aW2011-1472$b00$c20201127$lBLL01$h1833
=FIN  \\$aY$d20130610
=LAS  \\$aW2011-1472$b00$c20201127$lBLL01$h1833

