=LDR  02207 gm a2200493uu 4500
=001  016428759
=003  Uk
=005  20201127183333.0
=008  100813s2006\\\\xx\|||\|||||||||||mleng\d
=FMT  \\$a  VM
=035  \\$aASP1833819/ant2
=245  00$aBecoming a Man Among the Borana
=260  \\$aParis, France$bZED$c2006
=306  \\$a51 minutes
=490  0\$aEthnographic Video Online, Volume 2
=505  00$aIn the heart of Ethiopia, 12 year-old Wario belongs to the Borana tribe. It is time for Wario to learn the difficult trade of salt labor, in order to become a full-grown Borana with adult responsibilities. He will first follow his father to the "mouth of the devil", a volcano in which men risk their lives to extract salt. He will then journey to the singing wells, where men form a 30 ft chain to fetch water as they sing. With the camels packed with salt and water, father and son will embark on the salt route, a long and perilous journey across the desert.
=546  \\$aIn English, Subtitles in English
=650  04$aBorana
=650  \4$aHerders
=650  \4$aTrade
=650  \4$aSalt mines
=650  \4$aMen
=650  \4$aChildhood
=650  \4$aTribal and national groups
=650  \4$aCultural views
=650  \4$aAdulthood
=700  1\$aVairé, Xavier.$4pro
=700  1\$aWario$4oth
=700  1\$aBanday, Paul.$4nrt
=773  0\$dParis, France : ZED, 2006
=856  40$uhttp://www.aspresolver.com/aspresolver.asp?ANTH;1833819$yAlexander Street Press Ethnographic Video Online
=859  \\$aORR$bAlexander Street Press
=883  0\$aLanguage codes assigned by Bayesian analysis of words present in record$d20201028$qUk$c0.9010
=985  \\$aUpgraded by BSS-generated file for WR2011-1472
=CAT  \\$aWR13_071$b00$c20130610$lBLL01$h1629
=CAT  \\$aBATCH$b00$c20130610$lBLL01$h1629
=CAT  \\$aBATCH-UPD$b00$c20130610$lBLL01$h1630
=CAT  \\$aWR16_088$c20160606$lBLL01$h1632
=CAT  \\$aBATCH-UPD$b00$c20160606$lBLL01$h1637
=CAT  \\$aW1610-0368$c20161006$lBLL01$h0938
=CAT  \\$aW1606-1753$c20171028$lBLL01$h1352
=CAT  \\$aW2011-1472$b00$c20201127$lBLL01$h1833
=FIN  \\$aY$d20130610
=LAS  \\$aW2011-1472$b00$c20201127$lBLL01$h1833

