=LDR  01895 gm a2200433uu 4500
=001  016428760
=003  Uk
=005  20201127183333.0
=008  100813s2004\\\\xx\|||\|||||||||||mleng\d
=FMT  \\$a  VM
=035  \\$aASP1858453/ant2
=245  00$aBecoming a Man in Africa
=260  \\$aParis, France$bZED$c2004
=306  \\$a52 minutes
=490  0\$aEthnographic Video Online, Volume 2
=505  00$aBecoming a Man in Africa follow the epic ordeals of young men who live in different countries. And though they'll never meet each others, they share a common, singular goal : to make the difficult passage into manhood. To achieve this dual status in Central Africa, Banda must climb giant trees to gather honey, the elixir of life, whereas Kolé in Ethiopia must embark on a long journey, which will take him to the bull jumping ceremony.
=546  \\$aIn English
=650  04$aHammere
=650  04$aBaAka
=650  \4$aReligious rites and ceremonies
=650  \4$aForaging
=650  \4$aMen
=650  \4$aTribal and national groups
=650  \4$aCultural identity
=700  1\$aQueyrat, Jean$4drt
=700  1\$aWenger, Allan$4nrt
=773  0\$dParis, France : ZED, 2004
=856  40$uhttp://www.aspresolver.com/aspresolver.asp?ANTH;1858453$yAlexander Street Press Ethnographic Video Online
=859  \\$aORR$bAlexander Street Press
=883  0\$aLanguage codes assigned by Bayesian analysis of words present in record$d20201028$qUk$c0.9010
=985  \\$aUpgraded by BSS-generated file for WR2011-1472
=CAT  \\$aWR13_071$b00$c20130610$lBLL01$h1629
=CAT  \\$aBATCH$b00$c20130610$lBLL01$h1629
=CAT  \\$aWR16_088$c20160606$lBLL01$h1632
=CAT  \\$aW1610-0368$c20161006$lBLL01$h0938
=CAT  \\$aW1606-1753$c20171028$lBLL01$h1352
=CAT  \\$aW2011-1472$b00$c20201127$lBLL01$h1833
=FIN  \\$aY$d20130610
=LAS  \\$aW2011-1472$b00$c20201127$lBLL01$h1833

