=LDR  02084 gm a2200445uu 4500
=001  016428761
=003  Uk
=005  20201127183333.0
=008  100813s2003\\\\xx\|||\|||||||||||mleng\d
=FMT  \\$a  VM
=035  \\$aASP1858404/ant2
=245  00$aBecoming a Man in Melanesia
=260  \\$aParis, France$bZED$c2003
=306  \\$a52 minutes
=490  0\$aEthnographic Video Online, Volume 2
=505  00$aRecorded in 2006
=520  3\$aBecoming a Man in Melanesia follows the epic ordeals of two young men who live on separate islands. And though they will never meet each other, they share a common, singular goal : to make the difficult passage into manhood. Each will face a grueling initiation ritual. To achieve this adult status in Melanesia, Junior from Kontu island in Papua has to capture a shark armed only with a lasso and a propeller, whereas Wabak from Pentecost island in Vanuatu has to jump from a wooden tower, his ankle bound with thick vines. Two ordeals, each with the same goal : becoming a man!
=546  \\$aIn English
=650  04$aPapua New Guinean
=650  04$aMelanesian
=650  \4$aReligious rites and ceremonies
=650  \4$aLocal customs
=650  \4$aCultural identity
=650  \4$aHunting
=650  \4$aTribal and national groups
=650  \4$aMen
=700  1\$aSegur, Jérôme$4drt
=773  0\$dParis, France : ZED, 2003
=856  40$uhttp://www.aspresolver.com/aspresolver.asp?ANTH;1858404$yAlexander Street Press Ethnographic Video Online
=859  \\$aORR$bAlexander Street Press
=883  0\$aLanguage codes assigned by Bayesian analysis of words present in record$d20201028$qUk$c0.9010
=985  \\$aUpgraded by BSS-generated file for WR2011-1472
=CAT  \\$aWR13_071$b00$c20130610$lBLL01$h1629
=CAT  \\$aBATCH$b00$c20130610$lBLL01$h1629
=CAT  \\$aWR16_088$c20160606$lBLL01$h1632
=CAT  \\$aW1610-0368$c20161006$lBLL01$h0938
=CAT  \\$aW1606-1753$c20171028$lBLL01$h1352
=CAT  \\$aW2011-1472$b00$c20201127$lBLL01$h1833
=FIN  \\$aY$d20130610
=LAS  \\$aW2011-1472$b00$c20201127$lBLL01$h1833

