=LDR  02082 gm a2200469uu 4500
=001  016428762
=003  Uk
=005  20201127183333.0
=008  100813s2004\\\\xx\|||\|||||||||||mleng\d
=FMT  \\$a  VM
=035  \\$aASP1858438/ant2
=245  00$aBecoming a Man in Siberia
=260  \\$aParis, France$bZED$c2004
=306  \\$a51 minutes
=490  0\$aEthnographic Video Online, Volume 2
=505  00$aBecoming a Man in Siberia follows the epic ordeals of young men who live in different countries of the giant Siberia. Each will face a grueling initiation quest to make the difficult passage to manhood. If they fail, they will remain children forever. In Siberia, Edik has to face wolves to protect his 4000 reindeer herd during the spectacular migration to the Great North, whereas Altagan and Dsolbo must travel across the desert of Mongolia to find precious green pastures to feed their entire camel herd during the winter.
=546  \\$aIn English
=650  04$aMongolian
=650  04$aNenets
=650  \4$aTribal and national groups
=650  \4$aMen
=650  \4$aCamels
=650  \4$aCaribou
=650  \4$aHerders
=650  \4$aCultural identity
=700  1\$aSégur, Benoît$4drt
=700  1\$aFloersheim, Patrick.$4nrt
=700  1\$aWenger, Allan$4nrt
=773  0\$dParis, France : ZED, 2004
=856  40$uhttp://www.aspresolver.com/aspresolver.asp?ANTH;1858438$yAlexander Street Press Ethnographic Video Online
=859  \\$aORR$bAlexander Street Press
=883  0\$aLanguage codes assigned by Bayesian analysis of words present in record$d20201028$qUk$c0.9010
=985  \\$aUpgraded by BSS-generated file for WR2011-1472
=CAT  \\$aWR13_071$b00$c20130610$lBLL01$h1629
=CAT  \\$aBATCH$b00$c20130610$lBLL01$h1629
=CAT  \\$aWR16_088$c20160606$lBLL01$h1632
=CAT  \\$aBATCH-UPD$b00$c20160606$lBLL01$h1637
=CAT  \\$aW1610-0368$c20161006$lBLL01$h0938
=CAT  \\$aW1606-1753$c20171028$lBLL01$h1352
=CAT  \\$aW2011-1472$b00$c20201127$lBLL01$h1833
=FIN  \\$aY$d20130610
=LAS  \\$aW2011-1472$b00$c20201127$lBLL01$h1833

