=LDR  01983 gm a2200469uu 4500
=001  016428763
=003  Uk
=005  20201127183333.0
=008  100813s9999\\\\xx\|||\|||||||||||mleng\d
=FMT  \\$a  VM
=035  \\$aASP1833830/ant2
=245  00$aBecoming a Woman in Zanskar
=260  \\$aParis, France$bZED
=306  \\$a54 minutes
=490  0\$aEthnographic Video Online, Volume 2
=505  00$a"Becoming Woman in Zanskar" recounts the moving story of a friendship shattered by destiny when two best friends have to part and to leave their families forever... Tenzin will be married to a man she hasn't chosen while Palkit will become a nun. Two adolescents in the Himalayas: one kidnapped by her future husband, the other's head shaved as she enters the covent forever.
=546  \\$aIn English, Subtitles in English
=650  04$aNorthern Indian
=650  \4$aNuns
=650  \4$aArranged marriages
=650  \4$aTribal and national groups
=650  \4$aLife stages
=650  \4$aWomen
=700  1\$aCatteau, Manuel$4pro
=700  1\$aCorillion, Jean-Michel.$4drt
=700  1\$aKhachot, Tenzin$4oth
=700  1\$aKyangmar, Palkit$4oth
=700  1\$aBanday, Paul.$4nrt
=773  0\$dParis, France : ZED
=856  40$uhttp://www.aspresolver.com/aspresolver.asp?ANTH;1833830$yAlexander Street Press Ethnographic Video Online
=859  \\$aORR$bAlexander Street Press
=883  0\$aLanguage codes assigned by Bayesian analysis of words present in record$d20201028$qUk$c0.9010
=985  \\$aUpgraded by BSS-generated file for WR2011-1472
=CAT  \\$aWR13_071$b00$c20130610$lBLL01$h1629
=CAT  \\$aBATCH$b00$c20130610$lBLL01$h1629
=CAT  \\$aWR16_088$c20160606$lBLL01$h1632
=CAT  \\$aBATCH-UPD$b00$c20160606$lBLL01$h1637
=CAT  \\$aW1610-0368$c20161006$lBLL01$h0938
=CAT  \\$aW1606-1753$c20171028$lBLL01$h1352
=CAT  \\$aW2011-1472$b00$c20201127$lBLL01$h1833
=FIN  \\$aY$d20130610
=LAS  \\$aW2011-1472$b00$c20201127$lBLL01$h1833

