=LDR  02140 gm a2200421uu 4500
=001  016428764
=003  Uk
=005  20201127183333.0
=008  100813s2003\\\\xx\|||\|||||||||||mleng\d
=FMT  \\$a  VM
=035  \\$aASP1871089/ant2
=245  00$aBetween two Villages (Entre deux Villags Entre Duas Terras)
=260  \\$aLondon, UK$bRoyal Anthropological Institute$c2003
=306  \\$a94 minutes
=490  0\$aEthnographic Video Online, Volume 2
=505  00$aBetween two Villages tells the story of Aldeia da Luz, population of 330, bound to disappear with the construction of the Alqueva dam in the south of Portugal. A new village is being built a few kilometres away as a compensation for the population. The film focuses on the daily life of Aldeia da Luz, with its strong rural tradition and its prospect of change. From the negotiations to the construction of the new houses, the film shows how the authorities and the population try to recreate the village identity. The situation of the village of Aldaia da Luz reflects a mutating society.
=546  \\$aIn Portuguese, English, Subtitles in English
=650  04$aPortuguese
=650  \4$aHousehold moves
=650  \4$aRural population
=650  \4$aCultural change and history
=650  \4$aTowns
=650  \4$aDams
=700  1\$aJaquerod, Muriel$4drt
=700  1\$aPereira, Eduardo Saraiva$4drt
=773  0\$dLondon, UK : Royal Anthropological Institute, 2003
=856  40$uhttp://www.aspresolver.com/aspresolver.asp?ANTH;1871089$yAlexander Street Press Ethnographic Video Online
=859  \\$aORR$bAlexander Street Press
=883  0\$aLanguage codes assigned by Bayesian analysis of words present in record$d20201028$qUk$c0.9010
=985  \\$aUpgraded by BSS-generated file for WR2011-1472
=CAT  \\$aWR13_071$b00$c20130610$lBLL01$h1629
=CAT  \\$aBATCH$b00$c20130610$lBLL01$h1629
=CAT  \\$aWR16_088$c20160606$lBLL01$h1632
=CAT  \\$aW1610-0368$c20161006$lBLL01$h0938
=CAT  \\$aW1606-1753$c20171028$lBLL01$h1352
=CAT  \\$aW2011-1472$b00$c20201127$lBLL01$h1833
=FIN  \\$aY$d20130610
=LAS  \\$aW2011-1472$b00$c20201127$lBLL01$h1833

