=LDR  02257 gm a2200469uu 4500
=001  016428765
=003  Uk
=005  20201127183333.0
=008  100813s2008\\\\xx\|||\|||||||||||mleng\d
=FMT  \\$a  VM
=035  \\$aASP1871100/ant2
=245  00$aBlack Mountain
=260  \\$aLondon, UK$bRoyal Anthropological Institute$c2008
=306  \\$a84 minutes
=490  0\$aEthnographic Video Online, Volume 2
=505  00$aA once unremarkable site of multi-faith pilgrimage to a Sufi Saint has been transformed and its local history rewritten - the film documents the journey of Charlotte, a student undertaking her PhD research in India, who, whilst researching religious pilgrimages, stumbles upon the politicisation of a pilgrimage site in western India. The research suggests that the pilgrimage site of Kalo Dungar or Black Mountain, situated in the Rann of Kutch, Gujarat, provides a micro-example of current political issues in India today, where by the 'unity in diversity' of the country is slowly being broken-down destroying any hope of communal peace.
=546  \\$aIn Hindi, Gujarati, English, Subtitles in English
=650  04$aIndian
=650  \4$aPilgrimage
=650  \4$aFundamentalism
=650  \4$aSaints
=650  \4$aReligious differences
=650  \4$aIslam
=650  \4$aWar
=650  \4$aHinduism
=650  \4$aPolitical causes
=700  1\$aWhitby-Coles, Charlotte$4pro
=700  1\$aHajee, Amin$4drt
=700  1\$aWhitby-Coles, Charlotte$4nrt
=773  0\$dLondon, UK : Royal Anthropological Institute, 2008
=856  40$uhttp://www.aspresolver.com/aspresolver.asp?ANTH;1871100$yAlexander Street Press Ethnographic Video Online
=859  \\$aORR$bAlexander Street Press
=883  0\$aLanguage codes assigned by Bayesian analysis of words present in record$d20201028$qUk$c0.9010
=985  \\$aUpgraded by BSS-generated file for WR2011-1472
=CAT  \\$aWR13_071$b00$c20130610$lBLL01$h1629
=CAT  \\$aBATCH$b00$c20130610$lBLL01$h1629
=CAT  \\$aWR16_088$c20160606$lBLL01$h1632
=CAT  \\$aW1610-0368$c20161006$lBLL01$h0938
=CAT  \\$aW1606-1753$c20171028$lBLL01$h1352
=CAT  \\$aW2011-1472$b00$c20201127$lBLL01$h1833
=FIN  \\$aY$d20130610
=LAS  \\$aW2011-1472$b00$c20201127$lBLL01$h1833

