=LDR  02290 gm a2200421uu 4500
=001  016428766
=003  Uk
=005  20201127183333.0
=008  100813s9999\\\\xx\|||\|||||||||||mleng\d
=FMT  \\$a  VM
=035  \\$aASP1871105/ant2
=245  00$aBorn
=260  \\$aLondon, UK$bRoyal Anthropological Institute
=306  \\$a55 minutes
=490  0\$aEthnographic Video Online, Volume 2
=505  00$aThis documentary is made by Andy Lawrence in collaboration with independent midwife Judith Kurutac. They met in Kurutac's thirteenth year of practice when she supported Lawrence's partner, Helen Knowles (Birth Rites' curator), through the birth of their second child at home. For Kurutac the collaboration was a chance for film to capture the important relationship between a woman and her attendant in pregnancy and birth. The film is a personal journey, examining the roles the collaborators play as father and midwife, stimulated by their engagement with two couples who encounter very different experiences of birth. The film draws us into an examination of the connection between birth and death to explore what role fear plays in childbirth and how the ways in which we deal with fear affect the way in which a child is born.
=546  \\$aIn English
=650  04$aEnglish
=650  \4$aMidwives
=650  \4$aPregnancy
=650  \4$aChildbirth
=700  1\$aLawrence, Andy.$4drt
=700  1\$aKurutac, Judith$4oth
=700  1\$aKurutac, Judith$4ctb
=773  0\$dLondon, UK : Royal Anthropological Institute
=856  40$uhttp://www.aspresolver.com/aspresolver.asp?ANTH;1871105$yAlexander Street Press Ethnographic Video Online
=859  \\$aORR$bAlexander Street Press
=883  0\$aLanguage codes assigned by Bayesian analysis of words present in record$d20201028$qUk$c0.9010
=985  \\$aUpgraded by BSS-generated file for WR2011-1472
=CAT  \\$aWR13_071$b00$c20130610$lBLL01$h1629
=CAT  \\$aBATCH$b00$c20130610$lBLL01$h1629
=CAT  \\$aWR16_088$c20160606$lBLL01$h1632
=CAT  \\$aBATCH-UPD$b00$c20160606$lBLL01$h1637
=CAT  \\$aW1610-0368$c20161006$lBLL01$h0938
=CAT  \\$aW1606-1753$c20171028$lBLL01$h1352
=CAT  \\$aW2011-1472$b00$c20201127$lBLL01$h1833
=FIN  \\$aY$d20130610
=LAS  \\$aW2011-1472$b00$c20201127$lBLL01$h1833

