=LDR  02534 gm a2200433uu 4500
=001  016428767
=003  Uk
=005  20201127183333.0
=008  100813s2009\\\\xx\|||\|||||||||||mleng\d
=FMT  \\$a  VM
=035  \\$aASP1879432/ant2
=245  00$aBreeding Cells
=260  \\$aLondon, UK$bRoyal Anthropological Institute$c2009
=306  \\$a39 minutes
=490  0\$aEthnographic Video Online, Volume 2
=505  00$aBreeding Cells is a film from the laboratory of reproduction. A fertility clinic is a place where human reproduction is separated from sex and anatomized into bio/technological components. There fertilization is made visible and manipulable on a cellular level while the couples themselves seem to become marginal participants in a process that involves a large number of different professionalized agents and technologies.Recorded in the ward of reproductional medicine at Charite Hospital Berlin, this documentary approaches a scientific environment with an experimental ethnographic gaze. The filmmakers meet an open and quite unexcited "fertility team", who consider themselves simply ãassistants of nature. But what is nature in a hospital environment that is highly regulated by procedural methods, doctors conventions and conservative laws? Closely describing the routines and moral concerns of the medical staff, the film is portraying a transition time, when biotechnological science fiction is turning into everyday life.
=546  \\$aIn German, Subtitles in English
=650  04$aGerman
=650  \4$aBiology
=650  \4$aFertility
=650  \4$aReproduction
=650  \4$aHospitals
=700  1\$aArtola, Miren$4drt
=700  1\$aGaida, Gregor$4drt
=700  1\$aStraube, Anna$4drt
=700  1\$aWarzecha, Saskia$4drt
=773  0\$dLondon, UK : Royal Anthropological Institute, 2009
=856  40$uhttp://www.aspresolver.com/aspresolver.asp?ANTH;1879432$yAlexander Street Press Ethnographic Video Online
=859  \\$aORR$bAlexander Street Press
=883  0\$aLanguage codes assigned by Bayesian analysis of words present in record$d20201028$qUk$c0.9010
=985  \\$aUpgraded by BSS-generated file for WR2011-1472
=CAT  \\$aWR13_071$b00$c20130610$lBLL01$h1629
=CAT  \\$aBATCH$b00$c20130610$lBLL01$h1629
=CAT  \\$aWR16_088$c20160606$lBLL01$h1632
=CAT  \\$aW1610-0368$c20161006$lBLL01$h0938
=CAT  \\$aW1606-1753$c20171028$lBLL01$h1352
=CAT  \\$aW2011-1472$b00$c20201127$lBLL01$h1833
=FIN  \\$aY$d20130610
=LAS  \\$aW2011-1472$b00$c20201127$lBLL01$h1833

