=LDR  02690 gm a2200469uu 4500
=001  016428768
=003  Uk
=005  20201127183333.0
=008  100813s9999\\\\xx\|||\|||||||||||mleng\d
=FMT  \\$a  VM
=035  \\$aASP1879813/ant2
=245  00$aCalcutta Calling
=260  \\$aLondon, UK$bRoyal Anthropological Institute
=306  \\$a16 minutes
=490  0\$aEthnographic Video Online, Volume 2
=505  00$a"Business Process Outsourcing" is the fastest growing industry in the world. In India, approximately 350,000 people are currently working in call centres to maintain the contact between western companies and their customers. Vikhee Uppal is one of them. From a busy office in Calcutta, he pretends to be a guy named Ethan Reed and calls Americans, Brits and Australians to try and sell them cell phones and subscriptions. Vikhee hopes to make it in this sector. On the bulletin board, we see that he and his colleagues keep track of who sells the most. The Americans are the most impolite: they yell at the salespeople and hang up on them. The English, on the contrary, are the most willing to listen to their sales pitch. Even though Vikhee pretends to be a westerner at work, Indian traditions remain very important for him. He wants to get married to a girl from Punjab, and if he doesn't succeed, his family will find a bride for him. At work, Vekhee gets tutored in English. Each night, he watches English soccer matches to see what the people on the other end of the line actually look like.
=546  \\$aIn English
=650  04$aPunjabi
=650  \4$aBehavior
=650  \4$aCultural identity
=650  \4$aLanguage
=650  \4$aSalespeople
=650  \4$aTelephones
=650  \4$aBusiness
=650  \4$aMarketing and advertising
=700  1\$aWendt, Anna.$4pro
=700  1\$aHormann, Andre$4drt
=700  1\$aUppal, Vikhee$4oth
=773  0\$dLondon, UK : Royal Anthropological Institute
=856  40$uhttp://www.aspresolver.com/aspresolver.asp?ANTH;1879813$yAlexander Street Press Ethnographic Video Online
=859  \\$aORR$bAlexander Street Press
=883  0\$aLanguage codes assigned by Bayesian analysis of words present in record$d20201028$qUk$c0.9010
=985  \\$aUpgraded by BSS-generated file for WR2011-1472
=CAT  \\$aWR13_071$b00$c20130610$lBLL01$h1629
=CAT  \\$aBATCH$b00$c20130610$lBLL01$h1629
=CAT  \\$aWR16_088$c20160606$lBLL01$h1632
=CAT  \\$aW1610-0368$c20161006$lBLL01$h0938
=CAT  \\$aW1606-1753$c20171028$lBLL01$h1352
=CAT  \\$aBATCH-UPD$b00$c20190118$lBLL01$h2019
=CAT  \\$aW2011-1472$b00$c20201127$lBLL01$h1833
=FIN  \\$aY$d20130610
=LAS  \\$aW2011-1472$b00$c20201127$lBLL01$h1833

