=LDR  01834 gm a2200433uu 4500
=001  016428769
=003  Uk
=005  20201127183333.0
=008  100813s2006\\\\xx\|||\|||||||||||mleng\d
=FMT  \\$a  VM
=035  \\$aASP1859732/ant2
=245  00$aThe Celestial Dance of Bhutan
=260  \\$aParis, France$bZED$c2006
=306  \\$a53 minutes
=490  0\$aEthnographic Video Online, Volume 2
=505  00$aIn the far reaches of Bhutan, a tiny Buddhist kingdom nestled between Tibet and India, monks gather in the mountains to prepare for several days of dancing and meditation. Each year, monks dressed in celestial robes and wearing wooden masks perform a sacred dance that both purifies and cleanse away negative emotions such as fear, greed or anger.
=546  \\$aIn English
=650  04$aBhutanese
=650  \4$aBuddhism
=650  \4$aReligious festivals
=650  \4$aSocial dances
=650  \4$aReligious rites and ceremonies
=650  \4$aMonks
=700  1\$aCatteau, Manuel$4pro
=700  1\$aTran, Florence.$4drt
=773  0\$dParis, France : ZED, 2006
=856  40$uhttp://www.aspresolver.com/aspresolver.asp?ANTH;1859732$yAlexander Street Press Ethnographic Video Online
=859  \\$aORR$bAlexander Street Press
=883  0\$aLanguage codes assigned by Bayesian analysis of words present in record$d20201028$qUk$c0.9010
=985  \\$aUpgraded by BSS-generated file for WR2011-1472
=CAT  \\$aWR13_071$b00$c20130610$lBLL01$h1629
=CAT  \\$aBATCH$b00$c20130610$lBLL01$h1629
=CAT  \\$aWR16_088$c20160606$lBLL01$h1632
=CAT  \\$aBATCH-UPD$b00$c20160606$lBLL01$h1637
=CAT  \\$aW1610-0368$c20161006$lBLL01$h0938
=CAT  \\$aW1606-1753$c20171028$lBLL01$h1352
=CAT  \\$aW2011-1472$b00$c20201127$lBLL01$h1833
=FIN  \\$aY$d20130610
=LAS  \\$aW2011-1472$b00$c20201127$lBLL01$h1833

