=LDR  02771 gm a2200445uu 4500
=001  016428770
=003  Uk
=005  20201127183333.0
=008  100813s2007\\\\xx\|||\|||||||||||mleng\d
=FMT  \\$a  VM
=035  \\$aASP1879810/ant2
=245  00$aCham in the Lepcha Village of Lingthem
=260  \\$aLondon, UK$bRoyal Anthropological Institute$c2007
=306  \\$a50 minutes
=490  0\$aEthnographic Video Online, Volume 2
=505  00$aEvery winter, over a period of six days, the lamas of Lingthem's village monastery hold their annual cham. These dramatic ritual masked dances impart elementary Buddhist teachings while providing entertainment to villagers. Their main purpose is to remove obstacles and ward off misfortune for the village, its inhabitants and the monastery. However, for lamas and more serious Buddhist practitioners, these cham and their rituals hold deep philosophical meanings. The dances were beautifully filmed by Dawa Tsering Lepcha in his own village monastery in the Lepcha reserve of Dzongu, North Sikkim. In the course of this village event, the deities who emerge in the period between death and rebirth make their rhythmic appearances followed by the Lord of Death who judges one's good and bad deeds in the after life. This film is the second produced by the Namgyal Institute of Tibetology as part of its visual anthropology project. This training program for indigenous filmmakers aims to produce a documented video record of Sikkim's vanishing indigenous and Buddhist cultures. Its primary purpose is to record and preserve the meaning and proper performance of Sikkim's rituals within their social and economic context.
=546  \\$aIn Lepcha, Subtitles in English
=650  04$aIndian
=650  \4$aCommunity events
=650  \4$aDancing
=650  \4$aMonks
=650  \4$aEconomics
=650  \4$aCultural identity
=650  \4$aBuddhism
=650  \4$aReligious rites and ceremonies
=650  \4$aMonasteries
=700  1\$aBalikci, Asen$4drt
=773  0\$dLondon, UK : Royal Anthropological Institute, 2007
=856  40$uhttp://www.aspresolver.com/aspresolver.asp?ANTH;1879810$yAlexander Street Press Ethnographic Video Online
=859  \\$aORR$bAlexander Street Press
=883  0\$aLanguage codes assigned by Bayesian analysis of words present in record$d20201028$qUk$c0.9010
=985  \\$aUpgraded by BSS-generated file for WR2011-1472
=CAT  \\$aWR13_071$b00$c20130610$lBLL01$h1629
=CAT  \\$aBATCH$b00$c20130610$lBLL01$h1629
=CAT  \\$aWR16_088$c20160606$lBLL01$h1632
=CAT  \\$aW1610-0368$c20161006$lBLL01$h0938
=CAT  \\$aW1606-1753$c20171028$lBLL01$h1352
=CAT  \\$aW2011-1472$b00$c20201127$lBLL01$h1833
=FIN  \\$aY$d20130610
=LAS  \\$aW2011-1472$b00$c20201127$lBLL01$h1833

