=LDR  01724 gm a2200433uu 4500
=001  016428771
=003  Uk
=005  20201127183333.0
=008  100813s1990\\\\xx\|||\|||||||||||mleng\d
=FMT  \\$a  VM
=035  \\$aASP1879808/ant2
=245  00$aChantal's Choice
=260  \\$aLondon, UK$bRoyal Anthropological Institute$c1990
=306  \\$a29 minutes
=490  0\$aEthnographic Video Online, Volume 2
=505  00$aAdolescents in Ouagadougou, Burkino Faso, West Africa create a play for their peers in Europe and the USA. They enact an African folktale about a girl who faces a painful dilemma because she is determined to stay in school.
=650  04$aBurkinabé
=650  \4$aSchools
=650  \4$aPlaywrights
=650  \4$aPlays
=650  \4$aAdolescents
=650  \4$aFolklore
=700  1\$aHinckley, Priscilla B.$4pro
=700  1\$aSaltman, Carlyn$4pro
=700  1\$aHinckley, Priscilla B.$4drt
=700  1\$aSaltman, Carlyn$4drt
=773  0\$dLondon, UK : Royal Anthropological Institute, 1990
=856  40$uhttp://www.aspresolver.com/aspresolver.asp?ANTH;1879808$yAlexander Street Press Ethnographic Video Online
=859  \\$aORR$bAlexander Street Press
=883  0\$aLanguage codes assigned by Bayesian analysis of words present in record$d20201028$qUk$c0.9010
=985  \\$aUpgraded by BSS-generated file for WR2011-1472
=CAT  \\$aWR13_071$b00$c20130610$lBLL01$h1629
=CAT  \\$aBATCH$b00$c20130610$lBLL01$h1629
=CAT  \\$aWR16_088$c20160606$lBLL01$h1632
=CAT  \\$aW1610-0368$c20161006$lBLL01$h0938
=CAT  \\$aW1606-1753$c20171028$lBLL01$h1352
=CAT  \\$aW2011-1472$b00$c20201127$lBLL01$h1833
=FIN  \\$aY$d20130610
=LAS  \\$aW2011-1472$b00$c20201127$lBLL01$h1833

