=LDR  02869 gm a2200457uu 4500
=001  016428773
=003  Uk
=005  20201127183333.0
=008  100813s2012\\\\xx\|||\|||||||||||mleng\d
=FMT  \\$a  VM
=035  \\$aASP1879612/ant2
=245  00$aA CHOICE in the Himalayas
=260  \\$aNew York, NY$bFilmakers Library$c2012
=306  \\$a66 minutes
=490  0\$aEthnographic Video Online, Volume 2
=505  00$aIn Digoli, a small village in the Indian Himalayas, "magical" rituals and arranged marriages remain a common part of the mountain culture. But with the arrival of mobile phones, the extension of the radio relay system, and the exodus of men to the cities, modernity has begun to exert its influence.One beacon of Digoli's newfound innovation is the development of Avani, a cooperative that produces delicate silk. For fifteen years, Avani has enabled women to become socially and economically independent. Hema, one member of the co-op, finds herself torn between a traditional lifestyle working in the fields to provide food for her parents, and the opportunity to weave silk for Avani. Hema is chosen to travel to New Delhi to sell silk, but ultimately chooses to returns home. At age twenty-nine, when she's considered too old for marriage, she weds a jobless poor man named Harish. Without property, cattle, or money, they move to a remote village, but Avani soon proposes that Hema start a weaving center to teach locals, including her husband. Filmmaker and noted artist Catherine Addor-Confino punctuates the film with her vivid paintings, adding an imaginative element to this inspiring story of one woman's entrepreneurial spirit.
=546  \\$aIn Hindi, English, Subtitles in English
=650  04$aIndian
=650  \4$aCultural change and history
=650  \4$aMarriage
=650  \4$aWomen in workforce
=650  \4$aWomen
=650  \4$aRural population
=650  \4$aCultural identity
=700  1\$aAddor-Confino, Catherine.$4pro
=700  1\$aAddor-Confino, Catherine.$4drt
=700  1\$aBora, Hema$4oth
=773  0\$dNew York, NY : Filmakers Library, 2012
=856  40$uhttp://www.aspresolver.com/aspresolver.asp?ANTH;1879612$yAlexander Street Press Ethnographic Video Online
=859  \\$aORR$bAlexander Street Press
=883  0\$aLanguage codes assigned by Bayesian analysis of words present in record$d20201028$qUk$c0.9010
=985  \\$aUpgraded by BSS-generated file for WR2011-1472
=CAT  \\$aWR13_071$b00$c20130610$lBLL01$h1629
=CAT  \\$aBATCH$b00$c20130610$lBLL01$h1629
=CAT  \\$aWR16_088$c20160606$lBLL01$h1632
=CAT  \\$aBATCH-UPD$b00$c20160606$lBLL01$h1637
=CAT  \\$aW1610-0368$c20161006$lBLL01$h0938
=CAT  \\$aW1606-1753$c20171028$lBLL01$h1352
=CAT  \\$aW2011-1472$b00$c20201127$lBLL01$h1833
=FIN  \\$aY$d20130610
=LAS  \\$aW2011-1472$b00$c20201127$lBLL01$h1833

