=LDR  02399 gm a2200529uu 4500
=001  016428774
=003  Uk
=005  20201127183333.0
=008  100813s9999\\\\xx\|||\|||||||||||mleng\d
=FMT  \\$a  VM
=035  \\$aASP1869277/ant2
=245  00$aComing of Age - Margaret Mead (1901-1978)
=260  \\$aLondon, UK$bRoyal Anthropological Institute
=306  \\$a52 minutes
=490  0\$aEthnographic Video Online, Volume 2
=505  00$aThe most widely read, and best known anthropologist is probably Margaret Mead, an American who went study adolescence in the South Sea-Islands at the age of 23. Although her fieldwork has been criticised, she was nevertheless one of the foremost fieldworkers of her day. In America, Bali and New Guinea she examined child development, sex and temperament to see what role society has in making people what they are. Adolescence was a time of emotional stress and personal conflict in America and Europe. Mead claimed that in Samoa, adolescence was in many ways the most enjoyable and happy time of life.
=546  \\$aIn English
=600  14$aMead, Margaret.
=650  04$aBalinese
=650  04$aChambri
=650  04$aPapua New Guinean
=650  04$aSamoan
=650  \4$aSex
=650  \4$aAdolescence
=650  \4$aChildren
=650  \4$aGender roles
=650  \4$aScientific research
=650  \4$aField work for anthropology
=650  \4$aAnthropologists
=700  1\$aSinger, André.$4pro
=700  1\$aSinger, André.$4drt
=700  1\$aDakowski, Bruce.$4nrt
=773  0\$dLondon, UK : Royal Anthropological Institute
=856  40$uhttp://www.aspresolver.com/aspresolver.asp?ANTH;1869277$yAlexander Street Press Ethnographic Video Online
=859  \\$aORR$bAlexander Street Press
=883  0\$aLanguage codes assigned by Bayesian analysis of words present in record$d20201028$qUk$c0.9010
=985  \\$aUpgraded by BSS-generated file for WR2011-1472
=CAT  \\$aWR13_071$b00$c20130610$lBLL01$h1629
=CAT  \\$aBATCH$b00$c20130610$lBLL01$h1629
=CAT  \\$aBATCH-UPD$b00$c20130610$lBLL01$h1630
=CAT  \\$aWR16_088$c20160606$lBLL01$h1632
=CAT  \\$aBATCH-UPD$b00$c20160606$lBLL01$h1637
=CAT  \\$aW1610-0368$c20161006$lBLL01$h0938
=CAT  \\$aW1606-1753$c20171028$lBLL01$h1352
=CAT  \\$aW2011-1472$b00$c20201127$lBLL01$h1833
=FIN  \\$aY$d20130610
=LAS  \\$aW2011-1472$b00$c20201127$lBLL01$h1833

