=LDR  02531 gm a2200457uu 4500
=001  016428775
=003  Uk
=005  20201127183333.0
=008  100813s2003\\\\xx\|||\|||||||||||mleng\d
=FMT  \\$a  VM
=035  \\$aASP1879806/ant2
=245  00$aCultivating Death
=260  \\$aLondon, UK$bRoyal Anthropological Institute$c2003
=306  \\$a21 minutes
=490  0\$aEthnographic Video Online, Volume 2
=505  00$aCemeteries are not only places for the dead. They are also spaces in which the living interact with each other - and with the dead. "Cultivating Death" depicts the different ways in which bereaved people remember and commemorate their deceased family members and friends, by visiting and tending their graves at a Victorian cemetery in London. It is a common belief in the West that the bereaved have to 'let go' and 'get over the loss' of their deceased kin, in order to return to a 'normal' life. In contrast to these cultural norms, many survivors maintain strong social relationships with their dead. "Cultivating Death" portrays some visitors of Kensal Green Cemetery in West-London, as they actively sustain these continuing bonds by arranging and tending the graves of their deceased, talking to them and bringing them gifts. They thereby speak frankly about this important aspect of their mourning for which the cemetery constitutes a unique environment.
=546  \\$aIn English
=650  04$aBritish
=650  \4$aSurvivors
=650  \4$aDaily life
=650  \4$aMourning
=650  \4$aMemorials
=650  \4$aMemorial services
=650  \4$aFunerals
=650  \4$aBurial customs
=650  \4$aCemeteries
=700  1\$aGruber, Martin.$4drt
=773  0\$dLondon, UK : Royal Anthropological Institute, 2003
=856  40$uhttp://www.aspresolver.com/aspresolver.asp?ANTH;1879806$yAlexander Street Press Ethnographic Video Online
=859  \\$aORR$bAlexander Street Press
=883  0\$aLanguage codes assigned by Bayesian analysis of words present in record$d20201028$qUk$c0.9010
=985  \\$aUpgraded by BSS-generated file for WR2011-1472
=CAT  \\$aWR13_071$b00$c20130610$lBLL01$h1629
=CAT  \\$aBATCH$b00$c20130610$lBLL01$h1629
=CAT  \\$aBATCH-UPD$b00$c20141222$lBLL01$h1156
=CAT  \\$aWR16_088$c20160606$lBLL01$h1632
=CAT  \\$aW1610-0368$c20161006$lBLL01$h0938
=CAT  \\$aW1606-1753$c20171028$lBLL01$h1352
=CAT  \\$aW2011-1472$b00$c20201127$lBLL01$h1833
=FIN  \\$aY$d20130610
=LAS  \\$aW2011-1472$b00$c20201127$lBLL01$h1833

