=LDR  02319 gm a2200469uu 4500
=001  016428776
=003  Uk
=005  20201127183333.0
=008  100813s2000\\\\xx\|||\|||||||||||mleng\d
=FMT  \\$a  VM
=035  \\$aASP1879788/ant2
=245  00$aDemocracía Indígena
=260  \\$aLondon, UK$bRoyal Anthropological Institute$c2000
=306  \\$a37 minutes
=490  0\$aEthnographic Video Online, Volume 2
=505  00$aThis film examines the indigenous rights revolution sweeping Mexico through the municipal elections in Huehuetla, Puebla. In 1989, the Huehuetla Totonacs formed the Organización Independiente Totonaca (OIT), and joined in an electoral alliance with the Partido de la Revolución Democratica (PRD). For ten years the OIT and the PRD carried out a non-violent revolution. The visible signs of this Totonac renaissance are the health clinics, schools, roads, drinking water and electricity. But the real change is in the new self-confidence and pride of the Totonacs themselves. The camera follows Cruz Garcia, an "expatriate" Totonac, as he returns to his community.
=546  \\$aIn Spanish, Subtitles in English
=650  04$aMexican
=650  04$aTotonac
=650  \4$aPolitical causes
=650  \4$aElections
=650  \4$aMunicipal government
=650  \4$aRevolutions
=650  \4$aExpatriates
=700  1\$aGarcia, Gerardo$4pro
=700  1\$aLane, Bruce.$4drt
=700  1\$aGarcia, Cruz.$4oth
=773  0\$dLondon, UK : Royal Anthropological Institute, 2000
=856  40$uhttp://www.aspresolver.com/aspresolver.asp?ANTH;1879788$yAlexander Street Press Ethnographic Video Online
=859  \\$aORR$bAlexander Street Press
=883  0\$aLanguage codes assigned by Bayesian analysis of words present in record$d20201028$qUk$c0.9010
=985  \\$aUpgraded by BSS-generated file for WR2011-1472
=CAT  \\$aWR13_071$b00$c20130610$lBLL01$h1629
=CAT  \\$aBATCH$b00$c20130610$lBLL01$h1629
=CAT  \\$aBATCH-UPD$b00$c20141221$lBLL01$h1553
=CAT  \\$aWR16_088$c20160606$lBLL01$h1632
=CAT  \\$aBATCH-UPD$b00$c20160606$lBLL01$h1637
=CAT  \\$aW1610-0368$c20161006$lBLL01$h0938
=CAT  \\$aW1606-1753$c20171028$lBLL01$h1352
=CAT  \\$aW2011-1472$b00$c20201127$lBLL01$h1833
=FIN  \\$aY$d20130610
=LAS  \\$aW2011-1472$b00$c20201127$lBLL01$h1833

