=LDR  02362 gm a2200421uu 4500
=001  016428777
=003  Uk
=005  20201127183333.0
=008  100813s1988\\\\xx\|||\|||||||||||mleng\d
=FMT  \\$a  VM
=035  \\$aASP1879783/ant2
=245  00$aDepending on Heaven
=260  \\$aLondon, UK$bRoyal Anthropological Institute$c1988
=306  \\$a52 minutes
=490  0\$aEthnographic Video Online, Volume 2
=505  00$aThis two part film focusses on Mongols living in the Inner Mongolia Autonomous Region of China. Both sections would be excellent as teaching aids, particularly when accompanied by appropriate literature. The cinematography is stunning, evoking a strong mixture of the power of the environment-the expanse of the desert and grasslands-and the will of the people who live there. The Grasslands follows the life of a nomadic Mongol family on their year's journey following their herds across northern China. This section portrays a traditional view of Mongolian life. The second part of the film, The Desert, gives a more contemporary view of Mongols attempting to reclaim the desert in the more sedentary lifestyle currently encouraged by the Chinese government. This second section brings in disturbing environmental questions regarding the destruction of these northern grasslands.
=650  04$aMongolian
=650  \4$aDaily life
=650  \4$aCultural identity
=650  \4$aEnvironment
=650  \4$aDesert travel
=650  \4$aHerders
=700  1\$aEntell, Peter.$4pro
=700  1\$aEntell, Peter.$4drt
=773  0\$dLondon, UK : Royal Anthropological Institute, 1988
=856  40$uhttp://www.aspresolver.com/aspresolver.asp?ANTH;1879783$yAlexander Street Press Ethnographic Video Online
=859  \\$aORR$bAlexander Street Press
=883  0\$aLanguage codes assigned by Bayesian analysis of words present in record$d20201028$qUk$c0.9010
=985  \\$aUpgraded by BSS-generated file for WR2011-1472
=CAT  \\$aWR13_071$b00$c20130610$lBLL01$h1629
=CAT  \\$aBATCH$b00$c20130610$lBLL01$h1629
=CAT  \\$aWR16_088$c20160606$lBLL01$h1632
=CAT  \\$aBATCH-UPD$b00$c20160606$lBLL01$h1637
=CAT  \\$aW1610-0368$c20161006$lBLL01$h0938
=CAT  \\$aW1606-1753$c20171028$lBLL01$h1352
=CAT  \\$aW2011-1472$b00$c20201127$lBLL01$h1833
=FIN  \\$aY$d20130610
=LAS  \\$aW2011-1472$b00$c20201127$lBLL01$h1833

