=LDR  01932 gm a2200433uu 4500
=001  016428778
=003  Uk
=005  20201127183333.0
=008  100813s1987\\\\xx\|||\|||||||||||mleng\d
=FMT  \\$a  VM
=035  \\$aASP1871121/ant2
=245  00$aThe Devil Dancers: Cuyagua Part I
=260  \\$aLondon, UK$bRoyal Anthropological Institute$c1987
=306  \\$a41 minutes
=490  0\$aEthnographic Video Online, Volume 2
=505  00$aThe men of the Afro-Caribbean population of Cuyagua enact a ritual that occurs 60 days after Easter. The film is a portrait of two men who direct the devil dancing. They tell the history of the village, the organisation of devil dancing, and stories associated with the Devil. The film also focuses on the intriguing ritual of the dancing itself.
=546  \\$aIn Spanish, English, Subtitles in English
=650  04$aAfrican Caribbean
=650  \4$aRural population
=650  \4$aTraditional history
=650  \4$aEaster
=650  \4$aSocial dances
=650  \4$aReligious rites and ceremonies
=700  1\$aDrion, Georges$4drt
=700  1\$aHenley, Paul.$4drt
=773  0\$dLondon, UK : Royal Anthropological Institute, 1987
=856  40$uhttp://www.aspresolver.com/aspresolver.asp?ANTH;1871121$yAlexander Street Press Ethnographic Video Online
=859  \\$aORR$bAlexander Street Press
=883  0\$aLanguage codes assigned by Bayesian analysis of words present in record$d20201028$qUk$c0.9010
=985  \\$aUpgraded by BSS-generated file for WR2011-1472
=CAT  \\$aWR13_071$b00$c20130610$lBLL01$h1629
=CAT  \\$aBATCH$b00$c20130610$lBLL01$h1629
=CAT  \\$aWR16_088$c20160606$lBLL01$h1632
=CAT  \\$aBATCH-UPD$b00$c20160606$lBLL01$h1637
=CAT  \\$aW1610-0368$c20161006$lBLL01$h0938
=CAT  \\$aW1606-1753$c20171028$lBLL01$h1352
=CAT  \\$aW2011-1472$b00$c20201127$lBLL01$h1833
=FIN  \\$aY$d20130610
=LAS  \\$aW2011-1472$b00$c20201127$lBLL01$h1833

