=LDR  02033 gm a2200433uu 4500
=001  016428779
=003  Uk
=005  20201127183333.0
=008  100813s2006\\\\xx\|||\|||||||||||mleng\d
=FMT  \\$a  VM
=035  \\$aASP1879595/ant2
=245  00$aDevil's Mills. Roundabouts Don't Build Houses Any More (Ördögmalom)
=260  \\$aLondon, UK$bRoyal Anthropological Institute$c2006
=306  \\$a54 minutes
=490  0\$aEthnographic Video Online, Volume 2
=505  00$aThe everyday life of migrant fun fair operators is the filter through which we view the social and economic factors of the 20th and early 21st century that define the life and work of this social group. Hungary's accession to the EU has presented new challenegs and difficulties to them continuing their traditional trade and lifestyle. Interest in their services has decreased considerably, so this once thriving form of business is now on the decline.
=650  04$aGerman
=650  04$aSlovak
=650  04$aHungarian-Romanian
=650  \4$aEconomics
=650  \4$aEntertainment industry
=650  \4$aMigrant life
=650  \4$aFairs
=700  1\$aTari, János.$4drt
=773  0\$dLondon, UK : Royal Anthropological Institute, 2006
=856  40$uhttp://www.aspresolver.com/aspresolver.asp?ANTH;1879595$yAlexander Street Press Ethnographic Video Online
=859  \\$aORR$bAlexander Street Press
=883  0\$aLanguage codes assigned by Bayesian analysis of words present in record$d20201028$qUk$c0.9010
=985  \\$aUpgraded by BSS-generated file for WR2011-1472
=CAT  \\$aWR13_071$b00$c20130610$lBLL01$h1629
=CAT  \\$aBATCH$b00$c20130610$lBLL01$h1629
=CAT  \\$aWR16_088$c20160606$lBLL01$h1632
=CAT  \\$aBATCH-UPD$b00$c20160606$lBLL01$h1637
=CAT  \\$aW1610-0368$c20161006$lBLL01$h0938
=CAT  \\$aW1606-1753$c20171028$lBLL01$h1352
=CAT  \\$aBATCH-UPD$b00$c20200320$lBLL01$h2037
=CAT  \\$aW2011-1472$b00$c20201127$lBLL01$h1833
=FIN  \\$aY$d20130610
=LAS  \\$aW2011-1472$b00$c20201127$lBLL01$h1833

