=LDR  02066 gm a2200457uu 4500
=001  016428780
=003  Uk
=005  20201127183333.0
=008  100813s1989\\\\xx\|||\|||||||||||mleng\d
=FMT  \\$a  VM
=035  \\$aASP1879593/ant2
=245  00$aDoctors of Two Worlds
=260  \\$aLondon, UK$bRoyal Anthropological Institute$c1989
=306  \\$a53 minutes
=490  0\$aEthnographic Video Online, Volume 2
=505  00$aIn the Bolivian highlands an English doctor is setting up a network of health care for remote mountain villages. While teaching the inhabitants the essentials of Western medicine the doctor is confronted with and tries to learn the methods of the local curandero's methods of healing. The film is a highly revealing document of the encounter of different approaches to illness and is particularly suited for the teaching of Medical Anthropology.
=546  \\$aIn English, Subtitles in English
=650  04$aBolivian
=650  \4$aHealing
=650  \4$aDoctors
=650  \4$aMedications
=650  \4$aCare issues
=650  \4$aMountains
=700  1\$aSolomons, Richard.$4pro
=700  1\$aSolomons, Natasha.$4drt
=700  1\$aSolomons, Natasha.$4nrt
=773  0\$dLondon, UK : Royal Anthropological Institute, 1989
=856  40$uhttp://www.aspresolver.com/aspresolver.asp?ANTH;1879593$yAlexander Street Press Ethnographic Video Online
=859  \\$aORR$bAlexander Street Press
=883  0\$aLanguage codes assigned by Bayesian analysis of words present in record$d20201028$qUk$c0.9010
=985  \\$aUpgraded by BSS-generated file for WR2011-1472
=CAT  \\$aWR13_071$b00$c20130610$lBLL01$h1629
=CAT  \\$aBATCH$b00$c20130610$lBLL01$h1629
=CAT  \\$aWR16_088$c20160606$lBLL01$h1632
=CAT  \\$aBATCH-UPD$b00$c20160606$lBLL01$h1637
=CAT  \\$aW1610-0368$c20161006$lBLL01$h0938
=CAT  \\$aW1606-1753$c20171028$lBLL01$h1352
=CAT  \\$aBATCH-UPD$b00$c20190905$lBLL01$h1717
=CAT  \\$aW2011-1472$b00$c20201127$lBLL01$h1833
=FIN  \\$aY$d20130610
=LAS  \\$aW2011-1472$b00$c20201127$lBLL01$h1833

