=LDR  01783 gm a2200397uu 4500
=001  016428781
=003  Uk
=005  20201127183333.0
=008  100813s2002\\\\xx\|||\|||||||||||mleng\d
=FMT  \\$a  VM
=035  \\$aASP1879591/ant2
=245  00$aDor, Low is Better
=260  \\$aLondon, UK$bRoyal Anthropological Institute$c2002
=306  \\$a47 minutes
=490  0\$aEthnographic Video Online, Volume 2
=505  00$aThe film offers an experimental approach to the comparative study of cultures: the monks of a Tibetan monastery compare their own flutes with the Swiss alphorn and the Dutch windhorn introduced to them by the anthropologist. While the monks agree to play those foreign instruments, they still prefer their own flutes for the performance of ritual music.
=546  \\$aIn English, Subtitles in English
=650  04$aTibetan
=650  \4$aPlaces of worship
=650  \4$aReligious rites and ceremonies
=650  \4$aFlutes
=650  \4$aMonks
=700  1\$aBoonzajer-Flaes, Robert$4drt
=773  0\$dLondon, UK : Royal Anthropological Institute, 2002
=856  40$uhttp://www.aspresolver.com/aspresolver.asp?ANTH;1879591$yAlexander Street Press Ethnographic Video Online
=859  \\$aORR$bAlexander Street Press
=883  0\$aLanguage codes assigned by Bayesian analysis of words present in record$d20201028$qUk$c0.9010
=985  \\$aUpgraded by BSS-generated file for WR2011-1472
=CAT  \\$aWR13_071$b00$c20130610$lBLL01$h1629
=CAT  \\$aBATCH$b00$c20130610$lBLL01$h1629
=CAT  \\$aWR16_088$c20160606$lBLL01$h1632
=CAT  \\$aW1610-0368$c20161006$lBLL01$h0938
=CAT  \\$aW1606-1753$c20171028$lBLL01$h1352
=CAT  \\$aW2011-1472$b00$c20201127$lBLL01$h1833
=FIN  \\$aY$d20130610
=LAS  \\$aW2011-1472$b00$c20201127$lBLL01$h1833

