=LDR  02107 gm a2200445uu 4500
=001  016428782
=003  Uk
=005  20201127183333.0
=008  100813s9999\\\\xx\|||\|||||||||||mleng\d
=FMT  \\$a  VM
=035  \\$aASP1879568/ant2
=245  00$aDrugs & Prayers - Indian Psychiatry in the Realm of Saints
=260  \\$aLondon, UK$bRoyal Anthropological Institute
=306  \\$a55 minutes
=490  0\$aEthnographic Video Online, Volume 2
=505  00$aThe Sufi shrine of Mira Datar in North Gujarat is a large pilgrimage centre specialising in healing possession and mental illness. It has become a site of experimenting with new forms of community care in the mental health sector. The film documents exchanges between various actors at the shrine and listens to the stories of the protagonists. It presents different views on the presumed causes of mental illness as well as on the benefit or non-benefit of medicine or ritual practices as perceived by patients and their relatives.
=546  \\$aIn English, Subtitles in English
=650  04$aIndian
=650  \4$aPharmaceuticals
=650  \4$aSaints
=650  \4$aMental illnesses
=650  \4$aPatients
=650  \4$aCare issues
=650  \4$aReligious rites and ceremonies
=650  \4$aMental health treatment
=650  \4$aPilgrimage
=700  1\$aBasu, Helena$4drt
=773  0\$dLondon, UK : Royal Anthropological Institute
=856  40$uhttp://www.aspresolver.com/aspresolver.asp?ANTH;1879568$yAlexander Street Press Ethnographic Video Online
=859  \\$aORR$bAlexander Street Press
=883  0\$aLanguage codes assigned by Bayesian analysis of words present in record$d20201028$qUk$c0.9010
=985  \\$aUpgraded by BSS-generated file for WR2011-1472
=CAT  \\$aWR13_071$b00$c20130610$lBLL01$h1629
=CAT  \\$aBATCH$b00$c20130610$lBLL01$h1629
=CAT  \\$aWR16_088$c20160606$lBLL01$h1632
=CAT  \\$aW1610-0368$c20161006$lBLL01$h0938
=CAT  \\$aW1606-1753$c20171028$lBLL01$h1352
=CAT  \\$aW2011-1472$b00$c20201127$lBLL01$h1833
=FIN  \\$aY$d20130610
=LAS  \\$aW2011-1472$b00$c20201127$lBLL01$h1833

