=LDR  01840 gm a2200409uu 4500
=001  016428786
=003  Uk
=005  20201127183333.0
=008  100813s9999\\\\xx\|||\|||||||||||mleng\d
=FMT  \\$a  VM
=035  \\$aASP1879554/ant2
=245  00$aEnet Yapai - an Ambonwari Girl
=260  \\$aLondon, UK$bRoyal Anthropological Institute
=306  \\$a25 minutes
=490  0\$aEthnographic Video Online, Volume 2
=505  00$aEnet Yapai was six years old when Vavrova met her for the first time in 2005 in Ambonwari village, East Sepik Province, Papua New Guinea. Between November 2007 and April 2008 she followed Enet and her mother Alexia on their way to process sago, catch fish, or collect grass for baskets and mats. The film is an experiment of subtle, unanticipated interactions between Enet Yapai, a video camera, and an ethnographer.
=546  \\$aIn English
=650  04$aKarawari
=650  \4$aDaily life
=650  \4$aFood crops
=650  \4$aFarm life
=700  1\$aVavrova, Daniela$4drt
=700  1\$aYapai, Alexia$4oth
=700  1\$aYapai, Enet$4oth
=773  0\$dLondon, UK : Royal Anthropological Institute
=856  40$uhttp://www.aspresolver.com/aspresolver.asp?ANTH;1879554$yAlexander Street Press Ethnographic Video Online
=859  \\$aORR$bAlexander Street Press
=883  0\$aLanguage codes assigned by Bayesian analysis of words present in record$d20201028$qUk$c0.9010
=985  \\$aUpgraded by BSS-generated file for WR2011-1472
=CAT  \\$aWR13_071$b00$c20130610$lBLL01$h1629
=CAT  \\$aBATCH$b00$c20130610$lBLL01$h1629
=CAT  \\$aWR16_088$c20160606$lBLL01$h1632
=CAT  \\$aW1610-0368$c20161006$lBLL01$h0938
=CAT  \\$aW1606-1753$c20171028$lBLL01$h1352
=CAT  \\$aW2011-1472$b00$c20201127$lBLL01$h1833
=FIN  \\$aY$d20130610
=LAS  \\$aW2011-1472$b00$c20201127$lBLL01$h1833

