=LDR  02372 gm a2200505uu 4500
=001  016428787
=003  Uk
=005  20201127183333.0
=008  100813s9999\\\\xx\|||\|||||||||||mleng\d
=FMT  \\$a  VM
=035  \\$aASP1869257/ant2
=245  00$aEverything is Relatives - William Rivers (1864-1922)
=260  \\$aLondon, UK$bRoyal Anthropological Institute
=306  \\$a52 minutes
=490  0\$aEthnographic Video Online, Volume 2
=505  00$aCentral Television's major documentary series looks at the first anthropologists to stop 'armchair theorising' and go out to live among the peoples who so interested them. The six part series was filmed all over the world, from the frozen Canadian Arctic to the dry outback of Australia, from New Guinea to India, Africa to the South Pacific. The programme makers retraced the steps of the pioneering anthropologists in those countries and, by following the life story of each scholar, they reveal how social anthropology has contributed to our lives.
=546  \\$aIn English
=600  14$aRivers, William
=650  04$aTodas
=650  04$aTorres Strait Islander
=650  \4$aScientific method
=650  \4$aPolygamous marriages
=650  \4$aTribal and national groups
=650  \4$aAnthropologists
=650  \4$aScientific research
=650  \4$aArchaeological artifacts
=650  \4$aField work for anthropology
=700  1\$aSinger, André.$4pro
=700  1\$aSinger, André.$4drt
=700  1\$aDakowski, Bruce.$4nrt
=773  0\$dLondon, UK : Royal Anthropological Institute
=856  40$uhttp://www.aspresolver.com/aspresolver.asp?ANTH;1869257$yAlexander Street Press Ethnographic Video Online
=859  \\$aORR$bAlexander Street Press
=883  0\$aLanguage codes assigned by Bayesian analysis of words present in record$d20201028$qUk$c0.9010
=985  \\$aUpgraded by BSS-generated file for WR2011-1472
=CAT  \\$aWR13_071$b00$c20130610$lBLL01$h1629
=CAT  \\$aBATCH$b00$c20130610$lBLL01$h1629
=CAT  \\$aBATCH-UPD$b00$c20130610$lBLL01$h1630
=CAT  \\$aWR16_088$c20160606$lBLL01$h1632
=CAT  \\$aBATCH-UPD$b00$c20160606$lBLL01$h1637
=CAT  \\$aW1610-0368$c20161006$lBLL01$h0938
=CAT  \\$aW1606-1753$c20171028$lBLL01$h1352
=CAT  \\$aW2011-1472$b00$c20201127$lBLL01$h1833
=FIN  \\$aY$d20130610
=LAS  \\$aW2011-1472$b00$c20201127$lBLL01$h1833

