=LDR  01853 gm a2200445uu 4500
=001  016428788
=003  Uk
=005  20201127183333.0
=008  100813s9999\\\\xx\|||\|||||||||||mleng\d
=FMT  \\$a  VM
=035  \\$aASP1879544/ant2
=245  00$aFatmawati's Wedding: The Weddings of Two Sisters, the Preparations
=260  \\$aLondon, UK$bRoyal Anthropological Institute
=306  \\$a49 minutes
=490  0\$aEthnographic Video Online, Volume 2
=505  00$aThis film records the preparations for the wedding of two sisters in eastern Sumatra in December 1996. There is an emphasis on the importance of the role of women in the village. Ritual exchanges of textiles and cakes, and a series of purification rituals are shown.
=546  \\$aIn English
=650  04$aIndonesian
=650  \4$aAgrarian life
=650  \4$aSisters
=650  \4$aGifts
=650  \4$aReligious rites and ceremonies
=650  \4$aFamily activities
=650  \4$aWeddings
=700  1\$aKerlogue, Fiona.$4pro
=700  1\$aKerlogue, Fiona.$4drt
=773  0\$dLondon, UK : Royal Anthropological Institute
=856  40$uhttp://www.aspresolver.com/aspresolver.asp?ANTH;1879544$yAlexander Street Press Ethnographic Video Online
=859  \\$aORR$bAlexander Street Press
=883  0\$aLanguage codes assigned by Bayesian analysis of words present in record$d20201028$qUk$c0.9010
=985  \\$aUpgraded by BSS-generated file for WR2011-1472
=CAT  \\$aWR13_071$b00$c20130610$lBLL01$h1629
=CAT  \\$aBATCH$b00$c20130610$lBLL01$h1629
=CAT  \\$aWR16_088$c20160606$lBLL01$h1632
=CAT  \\$aBATCH-UPD$b00$c20160606$lBLL01$h1637
=CAT  \\$aW1610-0368$c20161006$lBLL01$h0938
=CAT  \\$aW1606-1753$c20171028$lBLL01$h1352
=CAT  \\$aW2011-1472$b00$c20201127$lBLL01$h1833
=FIN  \\$aY$d20130610
=LAS  \\$aW2011-1472$b00$c20201127$lBLL01$h1833

