=LDR  01714 gm a2200409uu 4500
=001  016428789
=003  Uk
=005  20201127183333.0
=008  100813s2006\\\\xx\|||\|||||||||||mleng\d
=FMT  \\$a  VM
=035  \\$aASP1879540/ant2
=245  00$aFragments from the Past
=260  \\$aLondon, UK$bRoyal Anthropological Institute$c2006
=306  \\$a22 minutes
=490  0\$aEthnographic Video Online, Volume 2
=505  00$aIn the days before DVD and satellite television, the cinema was important to London's Turkish speaking population as a place to meet and as a link with home. Eight individuals recount their memories of going to the cinema and what it meant to them.
=546  \\$aIn English, Turkish, Subtitles in English
=650  04$aTurk
=650  \4$aFamily activities
=650  \4$aCommunity events
=650  \4$aTurkish people
=650  \4$aFilms
=700  1\$aDemiralay, Hakan$4drt
=700  1\$aKaymak, Vedide$4drt
=773  0\$dLondon, UK : Royal Anthropological Institute, 2006
=856  40$uhttp://www.aspresolver.com/aspresolver.asp?ANTH;1879540$yAlexander Street Press Ethnographic Video Online
=859  \\$aORR$bAlexander Street Press
=883  0\$aLanguage codes assigned by Bayesian analysis of words present in record$d20201028$qUk$c0.9010
=985  \\$aUpgraded by BSS-generated file for WR2011-1472
=CAT  \\$aWR13_071$b00$c20130610$lBLL01$h1629
=CAT  \\$aBATCH$b00$c20130610$lBLL01$h1629
=CAT  \\$aWR16_088$c20160606$lBLL01$h1632
=CAT  \\$aW1610-0368$c20161006$lBLL01$h0938
=CAT  \\$aW1606-1753$c20171028$lBLL01$h1352
=CAT  \\$aW2011-1472$b00$c20201127$lBLL01$h1833
=FIN  \\$aY$d20130610
=LAS  \\$aW2011-1472$b00$c20201127$lBLL01$h1833

