=LDR  01928 gm a2200445uu 4500
=001  016428790
=003  Uk
=005  20201127183333.0
=008  100813s1988\\\\xx\|||\|||||||||||mleng\d
=FMT  \\$a  VM
=035  \\$aASP1879532/ant2
=245  00$aGarden Days: Village in Papua New Guinea
=260  \\$aLondon, UK$bRoyal Anthropological Institute$c1988
=306  \\$a25 minutes
=490  0\$aEthnographic Video Online, Volume 2
=505  00$aA detailed account of domestic life in the Sepik area of Papua New Guinea, mainly from the women's point of view. It describes their everyday activities in the 'gardens' in order to produce the staple food (sago). The different stages of the preparation and cooking of sago are shown. The film closes with the puberty rite of a young girl.
=546  \\$aIn English
=650  04$aPapua New Guinean
=650  \4$aCooking
=650  \4$aReligious rites and ceremonies
=650  \4$aFood crops
=650  \4$aGardens
=650  \4$aDomestic life
=700  1\$aJerstad, Jon.$4drt
=700  1\$aLewis, Ariane$4drt
=700  1\$aYehimen, Patricia$4nrt
=773  0\$dLondon, UK : Royal Anthropological Institute, 1988
=856  40$uhttp://www.aspresolver.com/aspresolver.asp?ANTH;1879532$yAlexander Street Press Ethnographic Video Online
=859  \\$aORR$bAlexander Street Press
=883  0\$aLanguage codes assigned by Bayesian analysis of words present in record$d20201028$qUk$c0.9010
=985  \\$aUpgraded by BSS-generated file for WR2011-1472
=CAT  \\$aWR13_071$b00$c20130610$lBLL01$h1629
=CAT  \\$aBATCH$b00$c20130610$lBLL01$h1629
=CAT  \\$aWR16_088$c20160606$lBLL01$h1632
=CAT  \\$aBATCH-UPD$b00$c20160606$lBLL01$h1637
=CAT  \\$aW1610-0368$c20161006$lBLL01$h0938
=CAT  \\$aW1606-1753$c20171028$lBLL01$h1352
=CAT  \\$aW2011-1472$b00$c20201127$lBLL01$h1833
=FIN  \\$aY$d20130610
=LAS  \\$aW2011-1472$b00$c20201127$lBLL01$h1833

