=LDR  03730 gm a2200481uu 4500
=001  016428792
=003  Uk
=005  20201127183333.0
=008  100813s1989\\\\xx\|||\|||||||||||mleng\d
=FMT  \\$a  VM
=035  \\$aASP1871110/ant2
=245  00$aThe Goddess and the Computer
=260  \\$aLondon, UK$bRoyal Anthropological Institute$c1989
=306  \\$a54 minutes
=490  0\$aEthnographic Video Online, Volume 2
=505  00$aThis film, made for Channel Four Television's Fragile Earth series, follows two American irrigation scientists who are seeking to understand the ancient Balinese irrigation system and forestall further environmental problems. Using traditional methods of cultivation, a single plot of irrigated land can produce tons of rice, year after year, century after century, with no added fertilizer and no ecological degradation. To understand why, biologist Jim Kremer takes us into the paddies with laboratory tools, showing how the rice pond becomes a miniature aquatic ecosystem which produces abundant energy for the plants, and how "development" can threaten this careful balance.Working with anthropologist Steve Lansing, Kremer has created a computer simulation model, which shows how a system of water temples manages irrigation along two Balinese rivers. The temple system is based on the belief that all water is a gift from the Goddess of the Crater Lake. In the name of the Goddess, temple priests possess the power to settle disputes over water rights or to grant permission for a village to construct a new irrigation tunnel. With the aid of the computer model, we can easily understand how the chains of water temples form a connected system of terrace management. The priests have shown themselves to be brilliant water engineers.Finally we return to the threat to the island's water ecology posed by modern development projects. We follow the two scientists as they present the computer to the Temple of the Lake Goddess. The interactive programme is written in the Indonesian language, and is designed to be used by the Balinese to explore the consequences of changes in their irrigation systems. A representative of the Asian Development Bank, which was initially hostile to criticism of its projects, has agreed to be interviewed as to how their thinking might change as a result of this research project. And the World Bank has now asked for assistance in developing ways to study similar systems elsewhere in the world.
=546  \\$aIn Indonesian, English, Subtitles in English
=650  04$aBalinese
=650  \4$aEconomic development
=650  \4$aEnvironment
=650  \4$aComputers
=650  \4$aReligious beliefs
=650  \4$aWater supply
=650  \4$aEcology
=700  1\$aLansing, Steve$4pro
=700  1\$aSinger, André.$4pro
=700  1\$aLansing, Steve$4drt
=700  1\$aSinger, André.$4drt
=700  1\$aKremer, James$4oth
=773  0\$dLondon, UK : Royal Anthropological Institute, 1989
=856  40$uhttp://www.aspresolver.com/aspresolver.asp?ANTH;1871110$yAlexander Street Press Ethnographic Video Online
=859  \\$aORR$bAlexander Street Press
=883  0\$aLanguage codes assigned by Bayesian analysis of words present in record$d20201028$qUk$c0.9010
=985  \\$aUpgraded by BSS-generated file for WR2011-1472
=CAT  \\$aWR13_071$b00$c20130610$lBLL01$h1629
=CAT  \\$aBATCH$b00$c20130610$lBLL01$h1629
=CAT  \\$aBATCH-UPD$b00$c20130610$lBLL01$h1630
=CAT  \\$aWR16_088$c20160606$lBLL01$h1632
=CAT  \\$aW1610-0368$c20161006$lBLL01$h0938
=CAT  \\$aW1606-1753$c20171028$lBLL01$h1352
=CAT  \\$aW2011-1472$b00$c20201127$lBLL01$h1833
=FIN  \\$aY$d20130610
=LAS  \\$aW2011-1472$b00$c20201127$lBLL01$h1833

