=LDR  02307 gm a2200505uu 4500
=001  016428793
=003  Uk
=005  20201127183333.0
=008  100813s2005\\\\xx\|||\|||||||||||mleng\d
=FMT  \\$a  VM
=035  \\$aASP1879516/ant2
=245  00$aGods and Satans (Dieux et Satans)
=260  \\$aLondon, UK$bRoyal Anthropological Institute$c2005
=306  \\$a87 minutes
=490  0\$aEthnographic Video Online, Volume 2
=505  00$aAmong the Wana people, semi nomads from the Indonesian (Sulawesi) forest, Indo Pino is a shaman recognized by everybody. Her Nephew, who is also a shaman's son, converted to Christianity some months ago and is now preaching the visions. And for him, if the visions come from God, the visions of the shamans inevitably must come from Satan. Through the Christian concepts of sin and original fault, good and evil notions are revised, The traditional healing practices of the shamans are heavily under attack. Under our eyes a fight between two worlds of religious conceptions is taking place.
=650  04$aWana
=650  \4$aSin
=650  \4$aSatan
=650  \4$aGod
=650  \4$aFaith healing
=650  \4$aShamanism
=650  \4$aReligious conversions
=650  \4$aChristianity
=650  \4$aReligious rites and ceremonies
=700  1\$aJournet, Martine$4pro
=700  1\$aNougarol, Gerard$4pro
=700  1\$aJournet, Martine$4drt
=700  1\$aNougarol, Gerard$4drt
=700  1\$aPino, Indo$4oth
=700  1\$aJournet, Martine$4nrt
=700  1\$aNougarol, Gerard$4nrt
=773  0\$dLondon, UK : Royal Anthropological Institute, 2005
=856  40$uhttp://www.aspresolver.com/aspresolver.asp?ANTH;1879516$yAlexander Street Press Ethnographic Video Online
=859  \\$aORR$bAlexander Street Press
=883  0\$aLanguage codes assigned by Bayesian analysis of words present in record$d20201028$qUk$c0.9010
=985  \\$aUpgraded by BSS-generated file for WR2011-1472
=CAT  \\$aWR13_071$b00$c20130610$lBLL01$h1629
=CAT  \\$aBATCH$b00$c20130610$lBLL01$h1629
=CAT  \\$aWR16_088$c20160606$lBLL01$h1632
=CAT  \\$aW1610-0368$c20161006$lBLL01$h0938
=CAT  \\$aW1606-1753$c20171028$lBLL01$h1352
=CAT  \\$aW2011-1472$b00$c20201127$lBLL01$h1833
=FIN  \\$aY$d20130610
=LAS  \\$aW2011-1472$b00$c20201127$lBLL01$h1833

