=LDR  02060 gm a2200445uu 4500
=001  016428794
=003  Uk
=005  20201127183333.0
=008  100813s1991\\\\xx\|||\|||||||||||mleng\d
=FMT  \\$a  VM
=035  \\$aASP1879838/ant2
=245  00$aThe Guardian of the Forces
=260  \\$aLondon, UK$bRoyal Anthropological Institute$c1991
=306  \\$a53 minutes
=490  0\$aEthnographic Video Online, Volume 2
=505  00$aThe Guardian of the Forces introduces the viewer to the world of Sikavi, a 'fetish priest' in Lome, Togo. He controls the spirits of several voodoos or gods. The film explores the significance of sacrifice and possession in communicating with spirits of ancestors and voodoo deities. Tradition and modernity are contrasted in this colourful documentary, which provides insight into healing practices of life and death.
=546  \\$aIn French, English, Subtitles in English
=650  04$aTogolese
=650  \4$aReligious beliefs
=650  \4$aReligious rites and ceremonies
=650  \4$aSpiritual possession
=650  \4$aVoodooism
=700  1\$aFolly Reimann, Anne-Laure$4pro
=700  1\$aFolly Reimann, Anne-Laure$4drt
=700  1\$aSikavi$4oth
=700  1\$aPierangeli, Patricia.$4nrt
=773  0\$dLondon, UK : Royal Anthropological Institute, 1991
=856  40$uhttp://www.aspresolver.com/aspresolver.asp?ANTH;1879838$yAlexander Street Press Ethnographic Video Online
=859  \\$aORR$bAlexander Street Press
=883  0\$aLanguage codes assigned by Bayesian analysis of words present in record$d20201028$qUk$c0.9010
=985  \\$aUpgraded by BSS-generated file for WR2011-1472
=CAT  \\$aWR13_071$b00$c20130610$lBLL01$h1629
=CAT  \\$aBATCH$b00$c20130610$lBLL01$h1629
=CAT  \\$aWR16_088$c20160606$lBLL01$h1632
=CAT  \\$aBATCH-UPD$b00$c20160606$lBLL01$h1637
=CAT  \\$aW1610-0368$c20161006$lBLL01$h0938
=CAT  \\$aW1606-1753$c20171028$lBLL01$h1352
=CAT  \\$aW2011-1472$b00$c20201127$lBLL01$h1833
=FIN  \\$aY$d20130610
=LAS  \\$aW2011-1472$b00$c20201127$lBLL01$h1833

