=LDR  02639 gm a2200421uu 4500
=001  016428796
=003  Uk
=005  20201127183333.0
=008  100813s1983\\\\xx\|||\|||||||||||mleng\d
=FMT  \\$a  VM
=035  \\$aASP1879448/ant2
=245  00$aHerat Films: The Annual Cycle of Music in Heart
=260  \\$aLondon, UK$bRoyal Anthropological Institute$c1983
=306  \\$a54 minutes
=490  0\$aEthnographic Video Online, Volume 2
=505  00$aThese videos were edited from seven hours of Super 8 film shot by John Baily during two years of ethnomusicological fieldwork carried out in the Herat region of western Afghanistan between 1973 and 1977. The footage was transferred and edited at the TV Unit of Queen's University Belfast 1981-82. The non-synchronous sound is a problem at certain moments, but overall the editing has made the best of the image and sound available. All three films have a substantial amount of voice-over commentary. The films are of special interest because of the damage suffered by this region during many years of civil war. (This is the city referred to so poignantly in Baily's later film Amir.) The Annual Cycle of Music in Herat includes performances of a variety of traditional genres of music and dance. These include sha'er-s (poets) exchanging extemporised quatrains, sorna and dohol (shawn and drum), dutar (long-necked lute) band, nai chaponi (shepherd's flute), chahartar (long-necked lute), male singer with daireh (frame drum) and Chelu musicians singing and playing sarang (fiddle), tal (small cymbals) and daireh. Dances include atan, aushari and chub bazi.
=546  \\$aIn English
=650  04$aAfghan
=650  \4$aPoetry
=650  \4$aMusical instruments
=650  \4$aDance
=650  \4$aFolk music
=650  \4$aCommunity events
=700  1\$aBaily, John$4pro
=700  1\$aBaily, John$4drt
=773  0\$dLondon, UK : Royal Anthropological Institute, 1983
=856  40$uhttp://www.aspresolver.com/aspresolver.asp?ANTH;1879448$yAlexander Street Press Ethnographic Video Online
=859  \\$aORR$bAlexander Street Press
=883  0\$aLanguage codes assigned by Bayesian analysis of words present in record$d20201028$qUk$c0.9010
=985  \\$aUpgraded by BSS-generated file for WR2011-1472
=CAT  \\$aWR13_071$b00$c20130610$lBLL01$h1629
=CAT  \\$aBATCH$b00$c20130610$lBLL01$h1629
=CAT  \\$aWR16_088$c20160606$lBLL01$h1632
=CAT  \\$aW1610-0368$c20161006$lBLL01$h0938
=CAT  \\$aW1606-1753$c20171028$lBLL01$h1352
=CAT  \\$aW2011-1472$b00$c20201127$lBLL01$h1833
=FIN  \\$aY$d20130610
=LAS  \\$aW2011-1472$b00$c20201127$lBLL01$h1833

