=LDR  01830 gm a2200421uu 4500
=001  016428799
=003  Uk
=005  20201127183333.0
=008  100813s1984\\\\xx\|||\|||||||||||mleng\d
=FMT  \\$a  VM
=035  \\$aASP1879610/ant2
=245  00$aHome From the Hill
=260  \\$aLondon, UK$bRoyal Anthropological Institute$c1984
=306  \\$a55 minutes
=490  0\$aEthnographic Video Online, Volume 2
=505  00$aAnthropology's relationship with colonialism has been discussed widely. Yet the ethnography of the colonial service remains largely unexplored on film. This entertaining documentary shows, not without human sympathy towards the main character, how after 40 years in the tropics, Colonel Hilary Hook returns from the Kenyan highlands to a London suburb.
=546  \\$aIn English
=650  04$aBritish
=650  \4$aHousehold moves
=650  \4$aVeterans
=650  \4$aSuburban life
=650  \4$aColonialism
=700  1\$aDineen, Molly.$4drt
=700  1\$aHook, Hilary.$4oth
=773  0\$dLondon, UK : Royal Anthropological Institute, 1984
=856  40$uhttp://www.aspresolver.com/aspresolver.asp?ANTH;1879610$yAlexander Street Press Ethnographic Video Online
=859  \\$aORR$bAlexander Street Press
=883  0\$aLanguage codes assigned by Bayesian analysis of words present in record$d20201028$qUk$c0.9010
=985  \\$aUpgraded by BSS-generated file for WR2011-1472
=CAT  \\$aWR13_071$b00$c20130610$lBLL01$h1629
=CAT  \\$aBATCH$b00$c20130610$lBLL01$h1629
=CAT  \\$aWR16_088$c20160606$lBLL01$h1632
=CAT  \\$aBATCH-UPD$b00$c20160606$lBLL01$h1637
=CAT  \\$aW1610-0368$c20161006$lBLL01$h0938
=CAT  \\$aW1606-1753$c20171028$lBLL01$h1352
=CAT  \\$aW2011-1472$b00$c20201127$lBLL01$h1833
=FIN  \\$aY$d20130610
=LAS  \\$aW2011-1472$b00$c20201127$lBLL01$h1833

