=LDR  01834 gm a2200433uu 4500
=001  016428800
=003  Uk
=005  20201127183333.0
=008  100813s9999\\\\xx\|||\|||||||||||mleng\d
=FMT  \\$a  VM
=035  \\$aASP1870975/ant2
=245  00$aA Hospice in Amsterdam (Het Veerhuis)
=260  \\$aLondon, UK$bRoyal Anthropological Institute
=306  \\$a60 minutes
=490  0\$aEthnographic Video Online, Volume 2
=505  00$aAt the end of Van Goghstraat in Amsterdam is the Veerhuis. A normal residential house in a normal urban area, where children play outside in front of the door. But people come to the Veerhuis to die. For his research, Steef Meyknecht worked for three years as a volunteer in The Veerhuis.
=546  \\$aIn English, Dutch, Subtitles in English
=650  04$aDutch
=650  \4$aPhysical illnesses
=650  \4$aDeaths
=650  \4$aCare issues
=650  \4$aHospices
=700  1\$aKoppen, Niek.$4pro
=700  1\$aRuiter, Jan de.$4pro
=700  1\$aMeyknecht, Steef.$4drt
=773  0\$dLondon, UK : Royal Anthropological Institute
=856  40$uhttp://www.aspresolver.com/aspresolver.asp?ANTH;1870975$yAlexander Street Press Ethnographic Video Online
=859  \\$aORR$bAlexander Street Press
=883  0\$aLanguage codes assigned by Bayesian analysis of words present in record$d20201028$qUk$c0.9010
=985  \\$aUpgraded by BSS-generated file for WR2011-1472
=CAT  \\$aWR13_071$b00$c20130610$lBLL01$h1629
=CAT  \\$aBATCH$b00$c20130610$lBLL01$h1629
=CAT  \\$aWR16_088$c20160606$lBLL01$h1632
=CAT  \\$aBATCH-UPD$b00$c20160606$lBLL01$h1637
=CAT  \\$aW1610-0368$c20161006$lBLL01$h0938
=CAT  \\$aW1606-1753$c20171028$lBLL01$h1352
=CAT  \\$aW2011-1472$b00$c20201127$lBLL01$h1833
=FIN  \\$aY$d20130610
=LAS  \\$aW2011-1472$b00$c20201127$lBLL01$h1833

