=LDR  02201 gm a2200409uu 4500
=001  016428801
=003  Uk
=005  20201127183333.0
=008  100813s9999\\\\xx\|||\|||||||||||mleng\d
=FMT  \\$a  VM
=035  \\$aASP1869281/ant2
=245  00$aHundreds of Homes
=260  \\$aLondon, UK$bRoyal Anthropological Institute
=306  \\$a50 minutes
=490  0\$aEthnographic Video Online, Volume 2
=505  00$aTaiga Nomads is a film series about the Evenki (previously the Tungus), a nomadic people scattered all over eastern Siberia, and living under harsh conditions in the taiga ± an area predominated by coniferous/larch forests and swamp lands. This series gives a picture of everyday life, during the four seasons the film crew lived with the main characters, consisting of three generations of members of the Archemku family. The first part, Hundreds of Homes, relates the story of Sasha Archemku and his family. He is the leader of Sovchos Brigade No. 6 which actually consists of his closest family members and some temporary helpers. They move throughout the taiga with their herd of reindeer in the traditional Evenki way. Each year the family sets up "home" in more than ten different campsites
=546  \\$aIn English
=650  04$aEvenki
=650  \4$aCaribou
=650  \4$aHouses
=650  \4$aDaily life
=650  \4$aHerders
=650  \4$aTribal and national groups
=700  1\$aLappalainen, Heimo$4drt
=773  0\$dLondon, UK : Royal Anthropological Institute
=856  40$uhttp://www.aspresolver.com/aspresolver.asp?ANTH;1869281$yAlexander Street Press Ethnographic Video Online
=859  \\$aORR$bAlexander Street Press
=883  0\$aLanguage codes assigned by Bayesian analysis of words present in record$d20201028$qUk$c0.9010
=985  \\$aUpgraded by BSS-generated file for WR2011-1472
=CAT  \\$aWR13_071$b00$c20130610$lBLL01$h1629
=CAT  \\$aBATCH$b00$c20130610$lBLL01$h1629
=CAT  \\$aWR16_088$c20160606$lBLL01$h1632
=CAT  \\$aW1610-0368$c20161006$lBLL01$h0938
=CAT  \\$aW1606-1753$c20171028$lBLL01$h1352
=CAT  \\$aW2011-1472$b00$c20201127$lBLL01$h1833
=FIN  \\$aY$d20130610
=LAS  \\$aW2011-1472$b00$c20201127$lBLL01$h1833

