=LDR  01913 gm a2200433uu 4500
=001  016428803
=003  Uk
=005  20201127183333.0
=008  100813s1987\\\\xx\|||\|||||||||||mleng\d
=FMT  \\$a  VM
=035  \\$aASP1879420/ant2
=245  00$aIan Gleadell: A Falkland Farmer
=260  \\$aLondon, UK$bRoyal Anthropological Institute$c1987
=306  \\$a30 minutes
=490  0\$aEthnographic Video Online, Volume 2
=505  00$aThe 1982 war between Britain and Argentina brought the Falkland or Malwinas Islands into the news headlines. This film is less spectacular: It shows the way of life of one inhabitant of this remote island in the South Atlantic. The film tells us in measured style about sheep farmer's Ian Gleadell's struggle with the rough landscape, the island's administration and loneliness.
=546  \\$aIn English
=650  04$aBritish
=650  \4$aEconomic conditions
=650  \4$aIslands
=650  \4$aFarming
=650  \4$aSheep
=700  1\$aEdwards, Bob,$d1905-1990$4drt
=700  1\$aKenneil, Alastair$4drt
=700  1\$aGleadell, Ian$4oth
=773  0\$dLondon, UK : Royal Anthropological Institute, 1987
=856  40$uhttp://www.aspresolver.com/aspresolver.asp?ANTH;1879420$yAlexander Street Press Ethnographic Video Online
=859  \\$aORR$bAlexander Street Press
=883  0\$aLanguage codes assigned by Bayesian analysis of words present in record$d20201028$qUk$c0.9010
=985  \\$aUpgraded by BSS-generated file for WR2011-1472
=CAT  \\$aWR13_071$b00$c20130610$lBLL01$h1629
=CAT  \\$aBATCH$b00$c20130610$lBLL01$h1629
=CAT  \\$aBATCH-UPD$b00$c20140817$lBLL01$h2130
=CAT  \\$aWR16_088$c20160606$lBLL01$h1632
=CAT  \\$aW1610-0368$c20161006$lBLL01$h0938
=CAT  \\$aW1606-1753$c20171028$lBLL01$h1352
=CAT  \\$aW2011-1472$b00$c20201127$lBLL01$h1833
=FIN  \\$aY$d20130610
=LAS  \\$aW2011-1472$b00$c20201127$lBLL01$h1833

