=LDR  01425 gm a2200385uu 4500
=001  016428805
=003  Uk
=005  20201127183333.0
=008  100813s2012\\\\xx\|||\|||||||||||mleng\d
=FMT  \\$a  VM
=035  \\$aASP1879414/ant2
=245  00$aIfa Divination Among the Yoruba
=260  \\$aLondon, UK$bRoyal Anthropological Institute$c2012
=306  \\$a23 minutes
=490  0\$aEthnographic Video Online, Volume 2
=505  00$aIn English
=650  04$aYoruba
=650  \4$aFortune telling
=650  \4$aReligious rites and ceremonies
=650  \4$aAfricans
=650  \4$aTribal and national groups
=700  1\$aMcClelland, Elizabeth M.$4drt
=773  0\$dLondon, UK : Royal Anthropological Institute, 2012
=856  40$uhttp://www.aspresolver.com/aspresolver.asp?ANTH;1879414$yAlexander Street Press Ethnographic Video Online
=859  \\$aORR$bAlexander Street Press
=883  0\$aLanguage codes assigned by Bayesian analysis of words present in record$d20201028$qUk$c0.9010
=985  \\$aUpgraded by BSS-generated file for WR2011-1472
=CAT  \\$aWR13_071$b00$c20130610$lBLL01$h1629
=CAT  \\$aBATCH$b00$c20130610$lBLL01$h1629
=CAT  \\$aWR16_088$c20160606$lBLL01$h1632
=CAT  \\$aW1610-0368$c20161006$lBLL01$h0938
=CAT  \\$aW1606-1753$c20171028$lBLL01$h1352
=CAT  \\$aW2011-1472$b00$c20201127$lBLL01$h1833
=FIN  \\$aY$d20130610
=LAS  \\$aW2011-1472$b00$c20201127$lBLL01$h1833

