=LDR  02073 gm a2200409uu 4500
=001  016428807
=003  Uk
=005  20201127183333.0
=008  100813s2010\\\\xx\|||\|||||||||||mleng\d
=FMT  \\$a  VM
=035  \\$aASP1879626/ant2
=245  00$aIn the Light of Memory (Lumina Amintirii)
=260  \\$aLondon, UK$bRoyal Anthropological Institute$c2010
=306  \\$a39 minutes
=490  0\$aEthnographic Video Online, Volume 2
=505  00$aLumina amintirii explores evocations of memory in contemporary post-socialist Bucharest, nearly twenty years after the fall of Romanian communism. The film is shot in Cismigiu Gardens, one of the oldest public parks in Bucharest. Interweaving recollections of the past with glimpses of present-day scenes from the park, the film constructs a montage of stillness and motion, images and voices, landscapes and people. Tracing paths through both the mind and the city, it invites viewers to activate their own memories and imaginations along with those unfolding in the film.
=546  \\$aIn Romanian, Subtitles in English
=650  04$aRomanian
=650  \4$aCultural change and history
=650  \4$aPublic parks
=650  \4$aCommunism
=650  \4$aMemories
=700  1\$aGrossman, Alyssa.$4drt
=773  0\$dLondon, UK : Royal Anthropological Institute, 2010
=856  40$uhttp://www.aspresolver.com/aspresolver.asp?ANTH;1879626$yAlexander Street Press Ethnographic Video Online
=859  \\$aORR$bAlexander Street Press
=883  0\$aLanguage codes assigned by Bayesian analysis of words present in record$d20201028$qUk$c0.9010
=985  \\$aUpgraded by BSS-generated file for WR2011-1472
=CAT  \\$aWR13_071$b00$c20130610$lBLL01$h1629
=CAT  \\$aBATCH$b00$c20130610$lBLL01$h1629
=CAT  \\$aWR16_088$c20160606$lBLL01$h1632
=CAT  \\$aBATCH-UPD$b00$c20160606$lBLL01$h1637
=CAT  \\$aW1610-0368$c20161006$lBLL01$h0938
=CAT  \\$aW1606-1753$c20171028$lBLL01$h1352
=CAT  \\$aW2011-1472$b00$c20201127$lBLL01$h1833
=FIN  \\$aY$d20130610
=LAS  \\$aW2011-1472$b00$c20201127$lBLL01$h1833

