=LDR  01965 gm a2200421uu 4500
=001  016428808
=003  Uk
=005  20201127183333.0
=008  100813s2002\\\\xx\|||\|||||||||||mleng\d
=FMT  \\$a  VM
=035  \\$aASP1879630/ant2
=245  00$aIndo Pino
=260  \\$aLondon, UK$bRoyal Anthropological Institute$c2002
=306  \\$a85 minutes
=490  0\$aEthnographic Video Online, Volume 2
=505  00$aRecorded in 1999
=520  3\$aThe small ethnic group of the Wana Wewaju live in Indonesia in the eastern part of Sulawesi (Celebes Island) among the dense equatorial rain forest of the Tokkala Mountains. The film documents the traditional healing practices of the Wana shamans. This film is the result of fifteen years of research and constitution of ethnocinématographic archives about the shamanism of Wana People from Sulawesi (Indonesia). See as well the companion film GODS AND SATANS, 87 minutes, 2005.
=546  \\$aIn Pamona, Subtitles in English
=650  04$aWana
=650  \4$aTribal and national groups
=650  \4$aHealers
=650  \4$aAlternative medicine
=650  \4$aShamanism
=700  1\$aJournet, Martine$4drt
=700  1\$aNougarol, Gerard$4drt
=773  0\$dLondon, UK : Royal Anthropological Institute, 2002
=856  40$uhttp://www.aspresolver.com/aspresolver.asp?ANTH;1879630$yAlexander Street Press Ethnographic Video Online
=859  \\$aORR$bAlexander Street Press
=883  0\$aLanguage codes assigned by Bayesian analysis of words present in record$d20201028$qUk$c0.9010
=985  \\$aUpgraded by BSS-generated file for WR2011-1472
=CAT  \\$aWR13_071$b00$c20130610$lBLL01$h1629
=CAT  \\$aBATCH$b00$c20130610$lBLL01$h1629
=CAT  \\$aWR16_088$c20160606$lBLL01$h1632
=CAT  \\$aW1610-0368$c20161006$lBLL01$h0938
=CAT  \\$aW1606-1753$c20171028$lBLL01$h1352
=CAT  \\$aW2011-1472$b00$c20201127$lBLL01$h1833
=FIN  \\$aY$d20130610
=LAS  \\$aW2011-1472$b00$c20201127$lBLL01$h1833

