=LDR  02301 gm a2200421uu 4500
=001  016428810
=003  Uk
=005  20201127183333.0
=008  100813s2009\\\\xx\|||\|||||||||||mlfre\d
=FMT  \\$a  VM
=035  \\$aASP1879406/ant2
=245  00$aJe ne suis pas moi-même
=260  \\$aLondon, UK$bRoyal Anthropological Institute$c2009
=306  \\$a51 minutes
=490  0\$aEthnographic Video Online, Volume 2
=505  00$aShot in Cameroon and Brussels, Je ne suis pas moi-même examines the complex network surrounding the international market of African antiquities, and the contradictions in a European art market hungry for new tribal objects. Where do the African masks come from? What journey do these masks make before their unveiling in the windows of the biggest galleries or art collections in Europe? Who determines the economic and aesthetic value of these objects now that colonialism is supposedly dead? And then there's a continent called Africa, in need of economic resources and therefore willing to sell its cultural heritage or, if need be, to fake it. The authenticity of the objects becomes blurred when the people that once adored them start to sell them.
=546  \\$aIn French, English, Subtitles in English
=650  04$aCameroonian
=650  \4$aAfrican ethnic groups
=650  \4$aArt galleries
=650  \4$aArt
=700  1\$aMora, Alba.$4drt
=700  1\$aSanmartí, Anna.$4drt
=773  0\$dLondon, UK : Royal Anthropological Institute, 2009
=856  40$uhttp://www.aspresolver.com/aspresolver.asp?ANTH;1879406$yAlexander Street Press Ethnographic Video Online
=859  \\$aORR$bAlexander Street Press
=883  0\$aLanguage codes assigned by Bayesian analysis of words present in record$d20201028$qUk$c0.9010
=985  \\$aUpgraded by BSS-generated file for WR2011-1472
=CAT  \\$aWR13_071$b00$c20130610$lBLL01$h1629
=CAT  \\$aBATCH$b00$c20130610$lBLL01$h1629
=CAT  \\$aBATCH-UPD$b00$c20130610$lBLL01$h1630
=CAT  \\$aWR16_088$c20160606$lBLL01$h1632
=CAT  \\$aBATCH-UPD$b00$c20160606$lBLL01$h1637
=CAT  \\$aW1610-0368$c20161006$lBLL01$h0938
=CAT  \\$aW1606-1753$c20171028$lBLL01$h1352
=CAT  \\$aW2011-1472$b00$c20201127$lBLL01$h1833
=FIN  \\$aY$d20130610
=LAS  \\$aW2011-1472$b00$c20201127$lBLL01$h1833

