=LDR  01973 gm a2200457uu 4500
=001  016428813
=003  Uk
=005  20201127183333.0
=008  100813s2006\\\\xx\|||\|||||||||||mleng\d
=FMT  \\$a  VM
=035  \\$aASP1860679/ant2
=245  00$aKabuki, the Path of the Flowers
=260  \\$aParis, France$bZED$c2006
=306  \\$a51 minutes
=490  0\$aEthnographic Video Online, Volume 2
=505  00$aKabuki, a Japanese traditional theater form, transmitted from father to son, is today the most popular of the traditional styles of Japanese drama.Kazutaro is the youngest of the Nakamura Gangiro, one of the most prestigious Kabuki group. In a few months, he will perform at the Kabuki Za Theater in Tokyo. Thanks to the help of his father and grandfather, he will practice and learn about this ancestral art.
=546  \\$aIn English
=650  04$aJapanese
=650  \4$aCultural identity
=650  \4$aActors
=650  \4$aPlays
=650  \4$aTheater
=700  1\$aCatteau, Manuel$4pro
=700  1\$aRaynaud, Jérôme.$4drt
=700  1\$aNakamura, Kazutaro$4oth
=700  1\$aMann, Sharon.$4nrt
=773  0\$dParis, France : ZED, 2006
=856  40$uhttp://www.aspresolver.com/aspresolver.asp?ANTH;1860679$yAlexander Street Press Ethnographic Video Online
=859  \\$aORR$bAlexander Street Press
=883  0\$aLanguage codes assigned by Bayesian analysis of words present in record$d20201028$qUk$c0.9010
=985  \\$aUpgraded by BSS-generated file for WR2011-1472
=CAT  \\$aWR13_071$b00$c20130610$lBLL01$h1629
=CAT  \\$aBATCH$b00$c20130610$lBLL01$h1629
=CAT  \\$aBATCH-UPD$b00$c20130610$lBLL01$h1630
=CAT  \\$aWR16_088$c20160606$lBLL01$h1632
=CAT  \\$aBATCH-UPD$b00$c20160606$lBLL01$h1637
=CAT  \\$aW1610-0368$c20161006$lBLL01$h0938
=CAT  \\$aW1606-1753$c20171028$lBLL01$h1352
=CAT  \\$aW2011-1472$b00$c20201127$lBLL01$h1833
=FIN  \\$aY$d20130610
=LAS  \\$aW2011-1472$b00$c20201127$lBLL01$h1833

