=LDR  01942 gm a2200409uu 4500
=001  016428814
=003  Uk
=005  20201127183333.0
=008  100813s9999\\\\xx\|||\|||||||||||mleng\d
=FMT  \\$a  VM
=035  \\$aASP1870979/ant2
=245  00$aA Kabul Music Diary
=260  \\$aLondon, UK$bRoyal Anthropological Institute
=306  \\$a52 minutes
=490  0\$aEthnographic Video Online, Volume 2
=505  00$aEthnomusicologist John Baily returns to Kabul to see what is happening in the world of music one year after the defeat of the Taliban. The film documents a variety of musical activities, including performances of rubab lute music by Kabul's traditional musicians, songs of Afghan orphans, the Music Department of Kabul university and a student pop group playing electric guitars and keyboard. Implicitly, the film identifies some of the dilemmas facing those seeking to help Afghans rebuild their music culture.
=546  \\$aIn English, Subtitles in English
=650  04$aAfghan
=650  \4$aCultural identity
=650  \4$aEthnomusicology
=650  \4$aSongs
=650  \4$aMusical performances
=650  \4$aMusicians
=700  1\$aBaily, John$4drt
=773  0\$dLondon, UK : Royal Anthropological Institute
=856  40$uhttp://www.aspresolver.com/aspresolver.asp?ANTH;1870979$yAlexander Street Press Ethnographic Video Online
=859  \\$aORR$bAlexander Street Press
=883  0\$aLanguage codes assigned by Bayesian analysis of words present in record$d20201028$qUk$c0.9010
=985  \\$aUpgraded by BSS-generated file for WR2011-1472
=CAT  \\$aWR13_071$b00$c20130610$lBLL01$h1629
=CAT  \\$aBATCH$b00$c20130610$lBLL01$h1629
=CAT  \\$aWR16_088$c20160606$lBLL01$h1632
=CAT  \\$aW1610-0368$c20161006$lBLL01$h0938
=CAT  \\$aW1606-1753$c20171028$lBLL01$h1352
=CAT  \\$aW2011-1472$b00$c20201127$lBLL01$h1833
=FIN  \\$aY$d20130610
=LAS  \\$aW2011-1472$b00$c20201127$lBLL01$h1833

