=LDR  02085 gm a2200445uu 4500
=001  016428815
=003  Uk
=005  20201127183333.0
=008  100813s2006\\\\xx\|||\|||||||||||mleng\d
=FMT  \\$a  VM
=035  \\$aASP1859903/ant2
=245  00$aKallawaya, Son of Lightning
=260  \\$aParis, France$bZED$c2006
=306  \\$a51 minutes
=490  0\$aEthnographic Video Online, Volume 2
=505  00$aIn the high valleys of the Bolivian Andes, the Kallawayan doctors have a unique know-how, legendary throughout all of South America, that has been transmitted from father to son for centuries. Max is a well-known Kallawayan doctor. Today, he will teach his son Johnny the secrets of the Kallawayan medecine. Together, they travel by foot across the mountains, from village to village to heal those in need. The Kallawayan ancestral medicine is today threatened. Its safegard will only come from transmission, and thanks to people like Max and Johnny, it has a chance to survive.
=546  \\$aIn English
=650  04$aBolivian
=650  \4$aMiners
=650  \4$aMining industry
=650  \4$aPlants
=650  \4$aHealers
=650  \4$aTribal and national groups
=700  1\$aQueyrat, Jean$4drt
=700  1\$aBanday, Paul.$4nrt
=700  1\$aLoza, Carmen Beatriz$4ctb
=773  0\$dParis, France : ZED, 2006
=856  40$uhttp://www.aspresolver.com/aspresolver.asp?ANTH;1859903$yAlexander Street Press Ethnographic Video Online
=859  \\$aORR$bAlexander Street Press
=883  0\$aLanguage codes assigned by Bayesian analysis of words present in record$d20201028$qUk$c0.9010
=985  \\$aUpgraded by BSS-generated file for WR2011-1472
=CAT  \\$aWR13_071$b00$c20130610$lBLL01$h1629
=CAT  \\$aBATCH$b00$c20130610$lBLL01$h1629
=CAT  \\$aWR16_088$c20160606$lBLL01$h1632
=CAT  \\$aBATCH-UPD$b00$c20160606$lBLL01$h1637
=CAT  \\$aW1610-0368$c20161006$lBLL01$h0938
=CAT  \\$aW1606-1753$c20171028$lBLL01$h1352
=CAT  \\$aW2011-1472$b00$c20201127$lBLL01$h1833
=FIN  \\$aY$d20130610
=LAS  \\$aW2011-1472$b00$c20201127$lBLL01$h1833

