=LDR  02117 gm a2200445uu 4500
=001  016428817
=003  Uk
=005  20201127183333.0
=008  100813s1996\\\\xx\|||\|||||||||||mleng\d
=FMT  \\$a  VM
=035  \\$aASP1879669/ant2
=245  00$aKeepers of the Faith: The Buddhist Nuns of Saigang Hills
=260  \\$aLondon, UK$bRoyal Anthropological Institute$c1996
=306  \\$a51 minutes
=490  0\$aEthnographic Video Online, Volume 2
=505  00$aIn the Sagaing Hills, 12 miles from the ancient capital of Mandalay are hundreds of pagodas, stupas, monasteries and nunneries which form a focal point of worship for Buddhism in Burma. In 1986 the filmmaker used to live for 15 month as a nun in the Thameikdaw Gaung nunnery. Some years later she is coming back for a visit in order to see what has changed. This is an intimate insight into the daily life of a nunnery as well a portrait of the monastic economy and its interactions with the society.
=546  \\$aIn English, Subtitles in English
=650  04$aBurmese
=650  \4$aReligious communities
=650  \4$aReligious beliefs
=650  \4$aDaily life
=650  \4$aCultural change and history
=650  \4$aBuddhism
=650  \4$aNuns
=700  1\$aKawanami, Hiroko.$4pro
=700  1\$aKawanami, Hiroko.$4drt
=773  0\$dLondon, UK : Royal Anthropological Institute, 1996
=856  40$uhttp://www.aspresolver.com/aspresolver.asp?ANTH;1879669$yAlexander Street Press Ethnographic Video Online
=859  \\$aORR$bAlexander Street Press
=883  0\$aLanguage codes assigned by Bayesian analysis of words present in record$d20201028$qUk$c0.9010
=985  \\$aUpgraded by BSS-generated file for WR2011-1472
=CAT  \\$aWR13_071$b00$c20130610$lBLL01$h1629
=CAT  \\$aBATCH$b00$c20130610$lBLL01$h1629
=CAT  \\$aWR16_088$c20160606$lBLL01$h1632
=CAT  \\$aBATCH-UPD$b00$c20160606$lBLL01$h1637
=CAT  \\$aW1610-0368$c20161006$lBLL01$h0938
=CAT  \\$aW1606-1753$c20171028$lBLL01$h1352
=CAT  \\$aW2011-1472$b00$c20201127$lBLL01$h1833
=FIN  \\$aY$d20130610
=LAS  \\$aW2011-1472$b00$c20201127$lBLL01$h1833

