=LDR  02547 gm a2200433uu 4500
=001  016428820
=003  Uk
=005  20201127183333.0
=008  100813s2000\\\\xx\|||\|||||||||||mleng\d
=FMT  \\$a  VM
=035  \\$aASP1879379/ant2
=245  00$aKusum
=260  \\$aLondon, UK$bRoyal Anthropological Institute$c2000
=306  \\$a68 minutes
=490  0\$aEthnographic Video Online, Volume 2
=505  00$aKusum is a 14-year-old Indian girl. She lives and attends school in Delhi. Kaushal, her father, drives a motorised rickshaw and works his fingers to the bone to support his family. Sumitra, Kusum's mother, is about to have a baby. Kusum's family is poor, but their life isn't too bad, until Kusum falls ill. She isolates herself, she has raving fits and she refuses to eat properly. Her family takes her to see a doctor, but no physical illness can be found. It's evil spirits, say the neighbours. Kusum, Kaushal and Aunt Suman journey to the neighbouring town of Hapur, where Bhagat the healer lives. Bhagat is well-known throughout the region, and people travel hundreds of miles to see him. Bhagat's methods include conversation, rituals and herbal treatments. Joint trance sessions in which spirits talk constitute the core of his methodology. Should a patient fail to enter a trance, Bhagat's assistant Meena takes the spirits into herself and is entranced on behalf of the patient. Bhagat examines the family and orders treatment.
=650  04$aIndian
=650  \4$aReligious beliefs
=650  \4$aFaith healing
=650  \4$aDemons
=650  \4$aPhysical illnesses
=650  \4$aPoverty
=650  \4$aAdolescents
=700  1\$aAaltonen, Jouko.$4pro
=700  1\$aAaltonen, Jouko.$4drt
=773  0\$dLondon, UK : Royal Anthropological Institute, 2000
=856  40$uhttp://www.aspresolver.com/aspresolver.asp?ANTH;1879379$yAlexander Street Press Ethnographic Video Online
=859  \\$aORR$bAlexander Street Press
=883  0\$aLanguage codes assigned by Bayesian analysis of words present in record$d20201028$qUk$c0.9010
=985  \\$aUpgraded by BSS-generated file for WR2011-1472
=CAT  \\$aWR13_071$b00$c20130610$lBLL01$h1629
=CAT  \\$aBATCH$b00$c20130610$lBLL01$h1629
=CAT  \\$aWR16_088$c20160606$lBLL01$h1632
=CAT  \\$aBATCH-UPD$b00$c20160606$lBLL01$h1637
=CAT  \\$aW1610-0368$c20161006$lBLL01$h0938
=CAT  \\$aW1606-1753$c20171028$lBLL01$h1352
=CAT  \\$aW2011-1472$b00$c20201127$lBLL01$h1833
=FIN  \\$aY$d20130610
=LAS  \\$aW2011-1472$b00$c20201127$lBLL01$h1833

