=LDR  03082 gm a2200433uu 4500
=001  016428821
=003  Uk
=005  20201127183334.0
=008  100813s1975\\\\xx\|||\|||||||||||mleng\d
=FMT  \\$a  VM
=035  \\$aASP1879729/ant2
=245  00$aKwagh Hir
=260  \\$aLondon, UK$bRoyal Anthropological Institute$c1975
=306  \\$a30 minutes
=490  0\$aEthnographic Video Online, Volume 2
=505  00$aFour million Tiv people form the major culture of the Benue state of southern Nigeria. They are popularly known as the greatest democrats in Africa as their society is based on fraternal cooperation between age mates rather than on authoritative chieftaincy. Men of an age work together on communal farming and house building and celebrate their achievements with feasts famed for the excellence of their music and dance. Their women create amongst the greatest dances in Nigeria within their extended family compounds. Each year, during the dry season, when there is little farm work, the leaders of the dance teams compose songs to record recent experiences and new features in their lives which they express in the rhythms and gestures of their dance. This flare for continuous invention reached great heights of creativity in the Tiv storytelling drama known as the Kwagh-hir. Kwagh-Hir (literally meaning "something magical") is a traditional Nigerian puppet theatre show of the Tiv tribe of central Nigeria. The Kwagh Hir performance is a mixture of: Storytelling, poetry, puppetry, music, dance, and drama. Traditionally the Kwagh-Hir group has consistently been organised into four different categories which are: the management, the musicians, the performers and the sculptors. There is normally a role that is suitable for different members of the entire community. An elderly man usually tends to be the leader of the Kwagh Hir group the Ter-u-Kwagh-Hir meaning father of Kwagh Hir. His job is to organise the group and settle any differences or disputes that may arise.
=546  \\$aIn English
=650  04$aTiv
=650  \4$aTribal and national groups
=650  \4$aPuppet shows
=650  \4$aStorytelling
=650  \4$aAge groups
=650  \4$aDemocracy
=700  1\$aHarper, Peggy.$4drt
=700  1\$aSpeed, Frank$4drt
=773  0\$dLondon, UK : Royal Anthropological Institute, 1975
=856  40$uhttp://www.aspresolver.com/aspresolver.asp?ANTH;1879729$yAlexander Street Press Ethnographic Video Online
=859  \\$aORR$bAlexander Street Press
=883  0\$aLanguage codes assigned by Bayesian analysis of words present in record$d20201028$qUk$c0.9010
=985  \\$aUpgraded by BSS-generated file for WR2011-1472
=CAT  \\$aWR13_071$b00$c20130610$lBLL01$h1629
=CAT  \\$aBATCH$b00$c20130610$lBLL01$h1629
=CAT  \\$aWR16_088$c20160606$lBLL01$h1632
=CAT  \\$aBATCH-UPD$b00$c20160606$lBLL01$h1637
=CAT  \\$aW1610-0368$c20161006$lBLL01$h0938
=CAT  \\$aW1606-1753$c20171028$lBLL01$h1352
=CAT  \\$aW2011-1472$b00$c20201127$lBLL01$h1833
=FIN  \\$aY$d20130610
=LAS  \\$aW2011-1472$b00$c20201127$lBLL01$h1833

