=LDR  02222 gm a2200433uu 4500
=001  016428822
=003  Uk
=005  20201127183334.0
=008  100813s9999\\\\xx\|||\|||||||||||mleng\d
=FMT  \\$a  VM
=035  \\$aASP1860663/ant2
=245  00$aThe Last Bedu of Petra & Wadi Rum
=260  \\$aParis, France$bZED
=306  \\$a51 minutes
=490  0\$aEthnographic Video Online, Volume 2
=505  00$aAbu Lafi is an old Bedouin from Petra. He comes from the Bdoul community, and is from one of the last families to live inside the archeological site of Petra. But in recent years, the desert traditions have slowly been lost and the Bedouins are loosing their identities. In order to preserve his cultural heritage, Abu Lafi will initiate his 9-year-old grandchild, Zed, to become a real Bedouin, in the pure traditional style. Being a Bedouin starts with learning to train and mount a camel. Zed's challenge will be to set off for Mount Aaron, Petra's highest peak. If he succeeds to the top, Zed will be a true camel-driver, and will thus participate in the safeguarding of the Bedouin tradition of Petra and Wadi Rum.
=546  \\$aIn English
=650  04$aBedouin
=650  \4$aCultural change and history
=650  \4$aCultural identity
=650  \4$aArchaeological sites
=650  \4$aCamels
=650  \4$aTribal and national groups
=700  1\$aCatteau, Manuel$4pro
=700  1\$aRaynaud, Jérôme.$4drt
=773  0\$dParis, France : ZED
=856  40$uhttp://www.aspresolver.com/aspresolver.asp?ANTH;1860663$yAlexander Street Press Ethnographic Video Online
=859  \\$aORR$bAlexander Street Press
=883  0\$aLanguage codes assigned by Bayesian analysis of words present in record$d20201028$qUk$c0.9010
=985  \\$aUpgraded by BSS-generated file for WR2011-1472
=CAT  \\$aWR13_071$b00$c20130610$lBLL01$h1629
=CAT  \\$aBATCH$b00$c20130610$lBLL01$h1629
=CAT  \\$aBATCH-UPD$b00$c20130610$lBLL01$h1630
=CAT  \\$aWR16_088$c20160606$lBLL01$h1632
=CAT  \\$aW1610-0368$c20161006$lBLL01$h0938
=CAT  \\$aW1606-1753$c20171028$lBLL01$h1352
=CAT  \\$aW2011-1472$b00$c20201127$lBLL01$h1833
=FIN  \\$aY$d20130610
=LAS  \\$aW2011-1472$b00$c20201127$lBLL01$h1833

