=LDR  04142 gm a2200445uu 4500
=001  016428823
=003  Uk
=005  20201127183334.0
=008  100813s1989\\\\xx\|||\|||||||||||mleng\d
=FMT  \\$a  VM
=035  \\$aASP1871117/ant2
=245  00$aThe Last Navigator
=260  \\$aLondon, UK$bRoyal Anthropological Institute$c1989
=306  \\$a52 minutes
=490  0\$aEthnographic Video Online, Volume 2
=505  00$aThis film follows a remarkable clash between cultures in the South Pacific. It is the story of two men, both navigators, who are attempting to come to terms with a changing world.For one, American navigator Stephen Thomas, the film traces his extraordinary experience as he leaves the US east coast to find deeper meaning and greater skills on one of the most isolated of the Micronesian islands. Forgoing all his learning based on compass, maps, mathematical calculation, professional forecasts, radio, etc., Stephen spent nine months learning to use traditional island methods that in the past enabled the Satawal islanders to travel vast distances in outrigger canoes across dangerous, typhoon- and shark-ridden seas.The other navigator, the `last navigator' of the title, is Piailug. He is the most experienced and venerated navigator on the island. His craft is as much a way of life as a means of travel and he has watched with anguish the beauty and importance of island navigation dying away as his society becomes inexorably drawn into a world of modern communication. According to the film-maker, he agreed to teach Stephen Thomas because he hoped it would be a means of preserving and recording his traditional methods. Ironically, Stephen's presence provoked and brought into the open the anger and jealousy between Piailug and his vision of the importance of tradition, and the younger islanders who prefer to learn about modern techniques from the Americans.For Piailug, this voyage is a final journey of protest. Across 500 miles of sea via the Mariana straights, he takes a crew including Stephen Thomas from the traditional island of Satawal to the modernised tourist centre of Saipan where his people are fully immersed in a new and different culture.It was with Saipan that Piailug's ancestors traded before the Spanish conquest. It was a precarious and dangerous route across the deepest part of the world's ocean, but which resulted in many Caroline Islanders settling in Saipan and forming permanent links between the two communities. Piailug reconstructs the voyage his ancestors made as a symbolic gesture of the importance of his islands' traditions, particularly the navigational traditions.The journey is a symbolic link between the new and the old, highlighting what the Carolinians are losing and the new world they are joining. Produced for Channel Four Television's Fragile Earth series, this film won the `Rassengna Internazionale du Documentary del Mare' (silver medal) in Sardinia.
=546  \\$aIn English, Subtitles in English
=650  04$aMicronesian
=650  \4$aSailing
=650  \4$aCultural change and history
=700  1\$aPick, Martin$4pro
=700  1\$aSinger, André.$4pro
=700  1\$aSinger, André.$4drt
=700  1\$aPiailug, Mau.$4oth
=700  1\$aThomas, Stephen "Steve"$4oth
=773  0\$dLondon, UK : Royal Anthropological Institute, 1989
=856  40$uhttp://www.aspresolver.com/aspresolver.asp?ANTH;1871117$yAlexander Street Press Ethnographic Video Online
=859  \\$aORR$bAlexander Street Press
=883  0\$aLanguage codes assigned by Bayesian analysis of words present in record$d20201028$qUk$c0.9010
=985  \\$aUpgraded by BSS-generated file for WR2011-1472
=CAT  \\$aWR13_071$b00$c20130610$lBLL01$h1629
=CAT  \\$aBATCH$b00$c20130610$lBLL01$h1629
=CAT  \\$aBATCH-UPD$b00$c20130610$lBLL01$h1630
=CAT  \\$aWR16_088$c20160606$lBLL01$h1632
=CAT  \\$aBATCH-UPD$b00$c20160606$lBLL01$h1637
=CAT  \\$aW1610-0368$c20161006$lBLL01$h0938
=CAT  \\$aW1606-1753$c20171028$lBLL01$h1352
=CAT  \\$aW2011-1472$b00$c20201127$lBLL01$h1833
=FIN  \\$aY$d20130610
=LAS  \\$aW2011-1472$b00$c20201127$lBLL01$h1833

