=LDR  02554 gm a2200421uu 4500
=001  016428824
=003  Uk
=005  20201127183334.0
=008  100813s9999\\\\xx\|||\|||||||||||mleng\d
=FMT  \\$a  VM
=035  \\$aASP1871116/ant2
=245  00$aLaw and War in Rural Kenya
=260  \\$aLondon, UK$bRoyal Anthropological Institute
=306  \\$a64 minutes
=490  0\$aEthnographic Video Online, Volume 2
=505  00$aIn 1998, a new movement swept through Kuria, in S.W. Kenya with dramatic effect. Cattle raiding fuelled by the increasing presence of guns had led to a situation of total insecurity, with all in fear of the thieves. In April of that year, a group of men in just one location, Bukira East, effected a new organisation merging ideas from the Tanzanian vigilante movement, sungusungu, with their own indigenous assembly, the iritongo. Within a year the movement had spread throughout Kuria and the District as a whole was at peace. This film revisits the iritongo movement ten years later. In telling the story of its origin, and its current operation, it reveals a broad contrast between the areas where the iritongo still operates, though with some difficulty, and those where it has faltered and died. In these latter areas there has been a revival of clan raiding and warfare. The film is observational in style, with the situation described through the words of the participants, emphasizing their agency. There is, thus, extensive use of sub-titles.
=546  \\$aIn English, Subtitles in English
=650  04$aKenyan
=650  \4$aLaw enforcement
=650  \4$aPolitical causes
=650  \4$aWar
=700  1\$aHeald, Suzette.$4drt
=700  1\$aMwita, Mathias$4oth
=700  1\$aBakibinga, Paul$4nrt
=773  0\$dLondon, UK : Royal Anthropological Institute
=856  40$uhttp://www.aspresolver.com/aspresolver.asp?ANTH;1871116$yAlexander Street Press Ethnographic Video Online
=859  \\$aORR$bAlexander Street Press
=883  0\$aLanguage codes assigned by Bayesian analysis of words present in record$d20201028$qUk$c0.9010
=985  \\$aUpgraded by BSS-generated file for WR2011-1472
=CAT  \\$aWR13_071$b00$c20130610$lBLL01$h1629
=CAT  \\$aBATCH$b00$c20130610$lBLL01$h1629
=CAT  \\$aWR16_088$c20160606$lBLL01$h1632
=CAT  \\$aBATCH-UPD$b00$c20160606$lBLL01$h1637
=CAT  \\$aW1610-0368$c20161006$lBLL01$h0938
=CAT  \\$aW1606-1753$c20171028$lBLL01$h1352
=CAT  \\$aW2011-1472$b00$c20201127$lBLL01$h1833
=FIN  \\$aY$d20130610
=LAS  \\$aW2011-1472$b00$c20201127$lBLL01$h1833

