=LDR  03218 gm a2200409uu 4500
=001  016428825
=003  Uk
=005  20201127183334.0
=008  100813s1986\\\\xx\|||\|||||||||||mleng\d
=FMT  \\$a  VM
=035  \\$aASP1879731/ant2
=245  00$aLessons from Gulam
=260  \\$aLondon, UK$bRoyal Anthropological Institute$c1986
=306  \\$a49 minutes
=490  0\$aEthnographic Video Online, Volume 2
=505  00$aBradford is a mill town in the north of England with a population of some 350,000 people of whom about 60,000 are Asians, predominantly Muslim Asians. Lessons from Gulam is a detailed study of musical enculturation and education within this Muslim community. Gulam Musa comes from Gujarat (India), and is a member of the Khalita group whose traditional caste occupations include those of barber and musician. In Bradford he is a music teacher and singer of qawwali, a form of Muslim devotional music found in India and Pakistan and also a genre of media-disseminated popular music. He runs an amateur qawwali group (called Saz aur Awaz, `Music and Song'), usually training his accompanists, and also takes part in Asian music workshops in the schools of Bradford. Lessons from Gulam explains several aspects of Asian music, especially drumming, and contrasts musical education in the school with what goes on in people's homes. It has long shots of musical performance, filmed and edited in the observational style, presented as the narrative of a visit to Bradford, and shows the film-maker getting his own lessons from Gulam.The film-maker is an ethnomusicologist and his musical knowledge is revealed in the detail and attention paid to the specifics of this Indian music style. Such insight is rare in ethnographic films and makes this film particularly valuable for music teachers and for teachers at both the school and university level who wish to expose students to the multi-cultural elements of music in Britain today.John Baily made this film at the National Film and Television School during his training as an ethnographic film-maker under the scheme organised by the Royal Anthropological Institute and the National Film and Television School and funded by the Leverhulme Trust.
=546  \\$aIn English
=650  04$aBritish Asian
=650  \4$aSocial castes
=650  \4$aCommunities
=650  \4$aEthnomusicology
=650  \4$aFolk music
=700  1\$aBaily, John$4drt
=700  1\$aMusa, Gulam$4oth
=773  0\$dLondon, UK : Royal Anthropological Institute, 1986
=856  40$uhttp://www.aspresolver.com/aspresolver.asp?ANTH;1879731$yAlexander Street Press Ethnographic Video Online
=859  \\$aORR$bAlexander Street Press
=883  0\$aLanguage codes assigned by Bayesian analysis of words present in record$d20201028$qUk$c0.9010
=985  \\$aUpgraded by BSS-generated file for WR2011-1472
=CAT  \\$aWR13_071$b00$c20130610$lBLL01$h1629
=CAT  \\$aBATCH$b00$c20130610$lBLL01$h1629
=CAT  \\$aWR16_088$c20160606$lBLL01$h1632
=CAT  \\$aW1610-0368$c20161006$lBLL01$h0938
=CAT  \\$aW1606-1753$c20171028$lBLL01$h1352
=CAT  \\$aW2011-1472$b00$c20201127$lBLL01$h1833
=FIN  \\$aY$d20130610
=LAS  \\$aW2011-1472$b00$c20201127$lBLL01$h1833

