=LDR  01758 gm a2200373uu 4500
=001  016428826
=003  Uk
=005  20201127183334.0
=008  100813s2002\\\\xx\|||\|||||||||||mleng\d
=FMT  \\$a  VM
=035  \\$aASP1871124/ant2
=245  00$aLetter to the Dead
=260  \\$aLondon, UK$bRoyal Anthropological Institute$c2002
=306  \\$a61 minutes
=490  0\$aEthnographic Video Online, Volume 2
=505  00$aThe film is about the encounter between tradition and modernity. In a small village of Papua New Guinea three exceptional men rival with each other in the field of rituals and artistic creation in order to win over their neighbours. They send a last letter to their dead who have abandoned them and who may have emigrated to a rich country from which the film-makers come.
=546  \\$aIn English, Subtitles in English
=650  04$aPapua New Guinean
=650  \4$aReligious rites and ceremonies
=650  \4$aTraditional history
=700  1\$aKapon, Eytan$4drt
=773  0\$dLondon, UK : Royal Anthropological Institute, 2002
=856  40$uhttp://www.aspresolver.com/aspresolver.asp?ANTH;1871124$yAlexander Street Press Ethnographic Video Online
=859  \\$aORR$bAlexander Street Press
=883  0\$aLanguage codes assigned by Bayesian analysis of words present in record$d20201028$qUk$c0.9010
=985  \\$aUpgraded by BSS-generated file for WR2011-1472
=CAT  \\$aWR13_071$b00$c20130610$lBLL01$h1629
=CAT  \\$aBATCH$b00$c20130610$lBLL01$h1629
=CAT  \\$aWR16_088$c20160606$lBLL01$h1632
=CAT  \\$aW1610-0368$c20161006$lBLL01$h0938
=CAT  \\$aW1606-1753$c20171028$lBLL01$h1352
=CAT  \\$aW2011-1472$b00$c20201127$lBLL01$h1833
=FIN  \\$aY$d20130610
=LAS  \\$aW2011-1472$b00$c20201127$lBLL01$h1833

