=LDR  01703 gm a2200409uu 4500
=001  016428827
=003  Uk
=005  20201127183334.0
=008  100813s9999\\\\xx\|||\|||||||||||mleng\d
=FMT  \\$a  VM
=035  \\$aASP1879781/ant2
=245  00$aLife Chances: Four Families in a Greek Cypriot Village
=260  \\$aLondon, UK$bRoyal Anthropological Institute
=306  \\$a39 minutes
=490  0\$aEthnographic Video Online, Volume 2
=505  00$aA careful account of social change in a prosperous Greek Cypriot village, which follows four closely related families before the Turkish made them all refugees. Their lives reflect the possibilities available to individuals and families in the village society.
=546  \\$aIn English
=650  04$aCypriot
=650  \4$aExtended family
=650  \4$aDaily life
=650  \4$aSocial conflict
=650  \4$aRefugees
=650  \4$aSocial classes
=700  1\$aLoizos, Peter$4drt
=773  0\$dLondon, UK : Royal Anthropological Institute
=856  40$uhttp://www.aspresolver.com/aspresolver.asp?ANTH;1879781$yAlexander Street Press Ethnographic Video Online
=859  \\$aORR$bAlexander Street Press
=883  0\$aLanguage codes assigned by Bayesian analysis of words present in record$d20201028$qUk$c0.9010
=985  \\$aUpgraded by BSS-generated file for WR2011-1472
=CAT  \\$aWR13_071$b00$c20130610$lBLL01$h1629
=CAT  \\$aBATCH$b00$c20130610$lBLL01$h1629
=CAT  \\$aWR16_088$c20160606$lBLL01$h1632
=CAT  \\$aW1610-0368$c20161006$lBLL01$h0938
=CAT  \\$aW1606-1753$c20171028$lBLL01$h1352
=CAT  \\$aW2011-1472$b00$c20201127$lBLL01$h1833
=FIN  \\$aY$d20130610
=LAS  \\$aW2011-1472$b00$c20201127$lBLL01$h1833

