=LDR  02353 gm a2200421uu 4500
=001  016428828
=003  Uk
=005  20201127183334.0
=008  100813s2006\\\\xx\|||\|||||||||||mleng\d
=FMT  \\$a  VM
=035  \\$aASP1870981/ant2
=245  00$aA Life with Slate
=260  \\$aLondon, UK$bRoyal Anthropological Institute$c2006
=306  \\$a59 minutes
=490  0\$aEthnographic Video Online, Volume 2
=505  00$aRecorded in 2005
=520  3\$aAlampu is a beautiful and exceedingly remote village in Nepal. The majority of the settlers there are Thami People, one of the indigenous groups of Nepal. More than 90 percent of them have been involved in the slate production at Alampu. This film includes technical details about slate production in the mountainside mine, and how the slate is worked prior to distribution. In the film we see the social relationships, co-operation between the miners, and the intimacy of the mining families. Strong women perform the tough and arduous work alongside the men. They have to carry heavy slate loads far to sell them. The film also describes the socio-cultural life of the village and its interaction with the environment. The activities of the men and women in the mine, as well as in the village, have an almost poetic dimension. (Material Culture and Archaeology Film Prize 2007)
=546  \\$aIn Thami, Subtitles in English
=650  04$aThami
=650  \4$aTribal and national groups
=650  \4$aTowns
=650  \4$aMiners
=650  \4$aMining industry
=650  \4$aRelationships
=700  1\$aKharel, Dipesh$4drt
=773  0\$dLondon, UK : Royal Anthropological Institute, 2006
=856  40$uhttp://www.aspresolver.com/aspresolver.asp?ANTH;1870981$yAlexander Street Press Ethnographic Video Online
=859  \\$aORR$bAlexander Street Press
=883  0\$aLanguage codes assigned by Bayesian analysis of words present in record$d20201028$qUk$c0.9010
=985  \\$aUpgraded by BSS-generated file for WR2011-1472
=CAT  \\$aWR13_071$b00$c20130610$lBLL01$h1629
=CAT  \\$aBATCH$b00$c20130610$lBLL01$h1629
=CAT  \\$aWR16_088$c20160606$lBLL01$h1632
=CAT  \\$aW1610-0368$c20161006$lBLL01$h0938
=CAT  \\$aW1606-1753$c20171028$lBLL01$h1352
=CAT  \\$aW2011-1472$b00$c20201127$lBLL01$h1833
=FIN  \\$aY$d20130610
=LAS  \\$aW2011-1472$b00$c20201127$lBLL01$h1833

