=LDR  02061 gm a2200421uu 4500
=001  016428830
=003  Uk
=005  20201127183334.0
=008  100813s9999\\\\xx\|||\|||||||||||mleng\d
=FMT  \\$a  VM
=035  \\$aASP1879779/ant2
=245  00$aLittle Waterfall
=260  \\$aLondon, UK$bRoyal Anthropological Institute
=306  \\$a53 minutes
=490  0\$aEthnographic Video Online, Volume 2
=505  00$aShallalah Saghirah ('Little Waterfall') is a small village of about 20 households located in the Khanasser valley, in north Syria. The village has no electricity and still uses an ancient ganat system, using a 1,500-year old Byzantine 520 meter water tunnel, as its main source of water. However decades of migration and family conflicts have caused the tunnel's maintenance to be ignored. Muhammad Musa cleans the tunnel to safeguard the water supply. This renovation is part of an applied anthropological action research being implemented by ICARDA.
=546  \\$aIn English, Arabic, Subtitles in English
=650  04$aSyrian
=650  \4$aProperty maintenance
=650  \4$aTowns
=650  \4$aEconomic conditions
=650  \4$aWater supply
=700  1\$aWessels, Joshka.$4drt
=700  1\$aMūsá, Muḥammad.$4oth
=773  0\$dLondon, UK : Royal Anthropological Institute
=856  40$uhttp://www.aspresolver.com/aspresolver.asp?ANTH;1879779$yAlexander Street Press Ethnographic Video Online
=859  \\$aORR$bAlexander Street Press
=883  0\$aLanguage codes assigned by Bayesian analysis of words present in record$d20201028$qUk$c0.9010
=985  \\$aUpgraded by BSS-generated file for WR2011-1472
=CAT  \\$aWR13_071$b00$c20130610$lBLL01$h1629
=CAT  \\$aBATCH$b00$c20130610$lBLL01$h1629
=CAT  \\$aBATCH-UPD$b00$c20160131$lBLL01$h2034
=CAT  \\$aWR16_088$c20160606$lBLL01$h1632
=CAT  \\$aW1610-0368$c20161006$lBLL01$h0938
=CAT  \\$aW1606-1753$c20171028$lBLL01$h1352
=CAT  \\$aW2011-1472$b00$c20201127$lBLL01$h1833
=FIN  \\$aY$d20130610
=LAS  \\$aW2011-1472$b00$c20201127$lBLL01$h1833

