=LDR  02181 gm a2200409uu 4500
=001  016428831
=003  Uk
=005  20201127183334.0
=008  100813s9999\\\\xx\|||\|||||||||||mleng\d
=FMT  \\$a  VM
=035  \\$aASP1879776/ant2
=245  00$aLiving with the Invisibles
=260  \\$aLondon, UK$bRoyal Anthropological Institute
=306  \\$a52 minutes
=490  0\$aEthnographic Video Online, Volume 2
=505  00$aWhen they emigrated to Europe in the 60's and 70's, Moroccans brought with them their culture and their "diseases" ( caused by the the jinn that inhabit some of them). In Europe, most North African families will include someone who is undergoing this kind of disorder, with diverse manifestations (asthma, paralysis, epilepsy, "crises", sterility etc.) which, if left untreated, may be extremely serious and destructive, causing suffering and delinquent behaviour. In the film we follow two Moroccan women: Hind and Fatima who are looking to solve their problems caused by invisibles. They are visiting healers in Europe and Morocco. The healers "negotiate" with invisible forces and are using therapeutic rituals.
=546  \\$aIn French, Subtitles in English
=650  04$aMoroccan
=650  \4$aSuperstitions
=650  \4$aCare issues
=650  \4$aReligious rites and ceremonies
=650  \4$aHealers
=650  \4$aMental illnesses
=700  1\$aDumont, Dirk$4drt
=773  0\$dLondon, UK : Royal Anthropological Institute
=856  40$uhttp://www.aspresolver.com/aspresolver.asp?ANTH;1879776$yAlexander Street Press Ethnographic Video Online
=859  \\$aORR$bAlexander Street Press
=883  0\$aLanguage codes assigned by Bayesian analysis of words present in record$d20201028$qUk$c0.9010
=985  \\$aUpgraded by BSS-generated file for WR2011-1472
=CAT  \\$aWR13_071$b00$c20130610$lBLL01$h1629
=CAT  \\$aBATCH$b00$c20130610$lBLL01$h1629
=CAT  \\$aWR16_088$c20160606$lBLL01$h1632
=CAT  \\$aW1610-0368$c20161006$lBLL01$h0938
=CAT  \\$aW1606-1753$c20171028$lBLL01$h1352
=CAT  \\$aW2011-1472$b00$c20201127$lBLL01$h1833
=FIN  \\$aY$d20130610
=LAS  \\$aW2011-1472$b00$c20201127$lBLL01$h1833

