=LDR  01977 gm a2200397uu 4500
=001  016428832
=003  Uk
=005  20201127183334.0
=008  100813s2006\\\\xx\|||\|||||||||||mleng\d
=FMT  \\$a  VM
=035  \\$aASP1860703/ant2
=245  00$aThe Makishi Masquerade
=260  \\$aParis, France$bZED$c2006
=306  \\$a65 minutes
=490  0\$aEthnographic Video Online, Volume 2
=505  00$aEvery April, in Zambia, the Makishi demons come to take away young boys. This event celebrates the beginning of the initiation from adolescence to manhood. In the village of Kashushu, this Mukanda ceremony is 500 years old and has been passed down orally for generations. Patrick, the main organizer this year, has to raise money for costumes, food and for the 4 months of initiation. But the celebration is so expensive that Patrick struggles to meet both ends. He fears for the future of the Mukanda, and without the help of an organization like UNESCO, it will certainly disappear.
=546  \\$aIn English
=650  04$aMukanda
=650  \4$aTribal and national groups
=650  \4$aCultural identity
=650  \4$aReligious rites and ceremonies
=700  1\$aSegur, Jérôme$4drt
=700  1\$aSegur, Jérôme$4nrt
=773  0\$dParis, France : ZED, 2006
=856  40$uhttp://www.aspresolver.com/aspresolver.asp?ANTH;1860703$yAlexander Street Press Ethnographic Video Online
=859  \\$aORR$bAlexander Street Press
=883  0\$aLanguage codes assigned by Bayesian analysis of words present in record$d20201028$qUk$c0.9010
=985  \\$aUpgraded by BSS-generated file for WR2011-1472
=CAT  \\$aWR13_071$b00$c20130610$lBLL01$h1629
=CAT  \\$aBATCH$b00$c20130610$lBLL01$h1629
=CAT  \\$aWR16_088$c20160606$lBLL01$h1632
=CAT  \\$aW1610-0368$c20161006$lBLL01$h0938
=CAT  \\$aW1606-1753$c20171028$lBLL01$h1352
=CAT  \\$aW2011-1472$b00$c20201127$lBLL01$h1833
=FIN  \\$aY$d20130610
=LAS  \\$aW2011-1472$b00$c20201127$lBLL01$h1833

