=LDR  02720 gm a2200457uu 4500
=001  016428833
=003  Uk
=005  20201127183334.0
=008  100813s9999\\\\xx\|||\|||||||||||mleng\d
=FMT  \\$a  VM
=035  \\$aASP1873389/ant2
=245  00$aManenberg
=260  \\$aLondon, UK$bRoyal Anthropological Institute
=306  \\$a57 minutes
=490  0\$aEthnographic Video Online, Volume 2
=505  00$aManenberg is a coming-of-age story about two young 'Cape Coloureds' struggling to make sense in the ruins of a post-apartheid South African township. Manenberg is a suburb outside Cape Town, which was constructed during the apartheid-regime to house coloured families with low incomes. Today it is a worn-down and overpopulated ghetto-area with enormous social problems, where the chances of becoming a gangster are greater than the chances of creating something new in the ruins of the past - but it is also an area with strong ties between the inhabitants in the claustrophobic houses. Based on 5 years of ongoing anthropological research in the area, the film invites the audience behind the headlines and into the lives of Warren and Fazline and their families. It is an intimate film about coming of age amidst difficult surroundings, about families, about life and its conflicts. It is a film about everyday life and dreams of the future. Manenberg is the debut documentary film by directors and anthropologists Karen Waltorp and Christian Vium, who have lived and done extensive research in Manenberg since 2005.
=546  \\$aIn English, Afrikaans, Subtitles in English
=650  04$aSouth African
=650  \4$aUrban life
=650  \4$aHousing conditions
=650  \4$aInner city ghettos
=650  \4$aPoverty
=650  \4$aSuburbs
=700  1\$aVium, Christian$4pro
=700  1\$aWaltorp, Karen.$4pro
=700  1\$aVium, Christian$4drt
=700  1\$aWaltorp, Karen.$4drt
=773  0\$dLondon, UK : Royal Anthropological Institute
=856  40$uhttp://www.aspresolver.com/aspresolver.asp?ANTH;1873389$yAlexander Street Press Ethnographic Video Online
=859  \\$aORR$bAlexander Street Press
=883  0\$aLanguage codes assigned by Bayesian analysis of words present in record$d20201028$qUk$c0.9010
=985  \\$aUpgraded by BSS-generated file for WR2011-1472
=CAT  \\$aWR13_071$b00$c20130610$lBLL01$h1629
=CAT  \\$aBATCH$b00$c20130610$lBLL01$h1629
=CAT  \\$aWR16_088$c20160606$lBLL01$h1632
=CAT  \\$aW1610-0368$c20161006$lBLL01$h0938
=CAT  \\$aW1606-1753$c20171028$lBLL01$h1352
=CAT  \\$aBATCH-UPD$b00$c20190830$lBLL01$h2018
=CAT  \\$aW2011-1472$b00$c20201127$lBLL01$h1833
=FIN  \\$aY$d20130610
=LAS  \\$aW2011-1472$b00$c20201127$lBLL01$h1833

