=LDR  03425 gm a2200481uu 4500
=001  016428835
=003  Uk
=005  20201127183334.0
=008  100813s9999\\\\xx\|||\|||||||||||mleng\d
=FMT  \\$a  VM
=035  \\$aASP1879774/ant2
=245  00$aMatai Samoa
=260  \\$aLondon, UK$bRoyal Anthropological Institute
=306  \\$a66 minutes
=490  0\$aEthnographic Video Online, Volume 2
=505  00$aThis film is a valuable treatment of archival footage that George Milner shot while conducting field research in 1955 and 1959. The footage (eighteen minutes of the total film) focuses on traditional Samoan activities, such as fishing, cooking, house-building, hand-weaving, and bark-cloth making in preparation for the formal installation (saofa'i) of a Samoan matai (a male titleholder responsible for the welfare, prosperity and good behaviour of his extended family). This is one of the most important Samoan rites of passage. The ceremonies which validate his assumption of a new status are shown, both within the extended family and at the level of the village, whose existing titleholders formally acknowledge the new matai's right to a seat in council. Their approval is marked by the acceptance of gifts of goods and valuables, especially fine mats, which are of great importance. The musical sound track is of traditional songs recorded during the same period. Christina Toren, a South Pacific specialist, then interviews Reverend Lalomilo Kamu, a Samoan scholar currently at the University of Birmingham, about the previous footage and Samoan customs. In particular they discuss the formal preparation of a bowl of kava; the role of the taupou (ceremonial village virgin); the making of sinnet, the braided cord made from the fibres of coconut husk; the role of Samoan houses; cooking; the informal schooling of the young; the preparation of bark-cloth; and the process of hand-weaving. The interview provides a rare opportunity for viewers to hear a scholar from a filmed group comment on and explain the symbolism behind the pictures captured by the camera. The interview is quite detailed and is particularly useful for specialists in Polynesia or other regions of the South Pacific.
=546  \\$aIn English
=650  04$aSamoan
=650  \4$aSocial status
=650  \4$aLandowners
=650  \4$aPacific Islander ethnic groups
=650  \4$aLocal customs
=650  \4$aReligious rites and ceremonies
=650  \4$aCrafts
=650  \4$aDaily life
=650  \4$aCultural identity
=700  1\$aMilner, George$4pro
=700  1\$aMilner, George$4drt
=700  1\$aKamu, Lalomilo$4oth
=700  1\$aToren, Christina$4oth
=773  0\$dLondon, UK : Royal Anthropological Institute
=856  40$uhttp://www.aspresolver.com/aspresolver.asp?ANTH;1879774$yAlexander Street Press Ethnographic Video Online
=859  \\$aORR$bAlexander Street Press
=883  0\$aLanguage codes assigned by Bayesian analysis of words present in record$d20201028$qUk$c0.9010
=985  \\$aUpgraded by BSS-generated file for WR2011-1472
=CAT  \\$aWR13_071$b00$c20130610$lBLL01$h1629
=CAT  \\$aBATCH$b00$c20130610$lBLL01$h1629
=CAT  \\$aWR16_088$c20160606$lBLL01$h1632
=CAT  \\$aW1610-0368$c20161006$lBLL01$h0938
=CAT  \\$aW1606-1753$c20171028$lBLL01$h1352
=CAT  \\$aW2011-1472$b00$c20201127$lBLL01$h1833
=FIN  \\$aY$d20130610
=LAS  \\$aW2011-1472$b00$c20201127$lBLL01$h1833

