=LDR  02093 gm a2200433uu 4500
=001  016428836
=003  Uk
=005  20201127183334.0
=008  100813s1999\\\\xx\|||\|||||||||||mleng\d
=FMT  \\$a  VM
=035  \\$aASP1870985/ant2
=245  00$aA Month in the Life of Ephtim D.
=260  \\$aLondon, UK$bRoyal Anthropological Institute$c1999
=306  \\$a56 minutes
=490  0\$aEthnographic Video Online, Volume 2
=505  00$aEphtim D., 73 years old, is a retired postman. He lives in Sofia with his wife Ghinka in a three room suburban apartment. As a socialist he feels confused by the 'crazy' democracy and the uncertainties of the transition period. The couple's combined pensions amount to {dollar}66.00. Ephtim experiences constant difficulties in balancing the family budget. Free medical care and lunches at a subsidised canteen are essential to his survival strategy. This portrait of a Bulgarian pensioner is presented in the context of a global hopelessness and a clearly felt nostalgia for the communist past.
=546  \\$aIn English
=600  14$aDetchev, Ephtim
=650  04$aBulgarian
=650  \4$aPensions
=650  \4$aDaily life
=650  \4$aElderly people
=650  \4$aCommunism
=650  \4$aPersonal finances
=650  \4$aEconomic conditions
=700  1\$aBalikci, Asen$4drt
=773  0\$dLondon, UK : Royal Anthropological Institute, 1999
=856  40$uhttp://www.aspresolver.com/aspresolver.asp?ANTH;1870985$yAlexander Street Press Ethnographic Video Online
=859  \\$aORR$bAlexander Street Press
=883  0\$aLanguage codes assigned by Bayesian analysis of words present in record$d20201028$qUk$c0.9010
=985  \\$aUpgraded by BSS-generated file for WR2011-1472
=CAT  \\$aWR13_071$b00$c20130610$lBLL01$h1629
=CAT  \\$aBATCH$b00$c20130610$lBLL01$h1629
=CAT  \\$aWR16_088$c20160606$lBLL01$h1632
=CAT  \\$aW1610-0368$c20161006$lBLL01$h0938
=CAT  \\$aW1606-1753$c20171028$lBLL01$h1352
=CAT  \\$aW2011-1472$b00$c20201127$lBLL01$h1833
=FIN  \\$aY$d20130610
=LAS  \\$aW2011-1472$b00$c20201127$lBLL01$h1833

