=LDR  01976 gm a2200433uu 4500
=001  016428837
=003  Uk
=005  20201127183334.0
=008  100813s9999\\\\xx\|||\|||||||||||mleng\d
=FMT  \\$a  VM
=035  \\$aASP1860660/ant2
=245  00$aMorin Khuur: The Soul of the Mongolian Horseman
=260  \\$aParis, France$bZED
=306  \\$a52 minutes
=490  0\$aEthnographic Video Online, Volume 2
=505  00$aIn the Mongolian steppes, a family of horse herders welcomes four city children for several months. They have come to learn the Morin Khuur, an ancestral fiddle, and the untamed nature of the plains are a great source of inspiration. Omba, a wise old musician, teaches them this magical instrument, said to have healing powers. Back in their hometown, the children will continue playing the horse head fiddle, assuring the continuation of a great oral custom.
=546  \\$aIn English
=650  04$aMongolian
=650  \4$aTribal and national groups
=650  \4$aMyths and legends
=650  \4$aCultural identity
=650  \4$aMusical instruments
=700  1\$aCatteau, Manuel$4pro
=700  1\$aSégur, Benoît$4drt
=700  1\$aBanday, Paul.$4nrt
=773  0\$dParis, France : ZED
=856  40$uhttp://www.aspresolver.com/aspresolver.asp?ANTH;1860660$yAlexander Street Press Ethnographic Video Online
=859  \\$aORR$bAlexander Street Press
=883  0\$aLanguage codes assigned by Bayesian analysis of words present in record$d20201028$qUk$c0.9010
=985  \\$aUpgraded by BSS-generated file for WR2011-1472
=CAT  \\$aWR13_071$b00$c20130610$lBLL01$h1629
=CAT  \\$aBATCH$b00$c20130610$lBLL01$h1629
=CAT  \\$aWR16_088$c20160606$lBLL01$h1632
=CAT  \\$aBATCH-UPD$b00$c20160606$lBLL01$h1637
=CAT  \\$aW1610-0368$c20161006$lBLL01$h0938
=CAT  \\$aW1606-1753$c20171028$lBLL01$h1352
=CAT  \\$aW2011-1472$b00$c20201127$lBLL01$h1833
=FIN  \\$aY$d20130610
=LAS  \\$aW2011-1472$b00$c20201127$lBLL01$h1833

