=LDR  02660 gm a2200481uu 4500
=001  016428839
=003  Uk
=005  20201127183334.0
=008  100813s9999\\\\xx\|||\|||||||||||mleng\d
=FMT  \\$a  VM
=035  \\$aASP1869265/ant2
=245  00$aOff the Verandah - Bronislaw Malinowski (1884-1942)
=260  \\$aLondon, UK$bRoyal Anthropological Institute
=306  \\$a53 minutes
=490  0\$aEthnographic Video Online, Volume 2
=505  00$aBronislaw Kaspar Malinowski was born into an aristocratic family in Poland in 1984. It was the chance reading of Frazer's Golden Bough that put him on the path of his future career. He pursuit anthropological training at London School of Economics and was awarded a doctorate for work on Australian Aborigines, based on data provided by Spencer and Gillen. Following a first field study among the Mailu off the New Guinea cost, using the well-tested formula of his predecessors, Spencer and Rivers, he moved 1915 to the Trobriands. There he abandoned the veranda and developed his style of fieldwork, which came to be called participant-observation: speaking the language, living in the community and becoming part of it, making a detailed record of all aspects of native life. Malinowski's intimate experience with Trobriand society generated a growing awareness of the myriad of links that hold society together.
=546  \\$aIn English
=600  14$aMalinowski, Bronislaw Kasper
=650  04$aPapua New Guinean
=650  \4$aLocal customs
=650  \4$aPopular beliefs
=650  \4$aCultural participation
=650  \4$aScientific research
=650  \4$aField work for anthropology
=650  \4$aAnthropologists
=700  1\$aSinger, André.$4pro
=700  1\$aSinger, André.$4drt
=700  1\$aDakowski, Bruce.$4nrt
=773  0\$dLondon, UK : Royal Anthropological Institute
=856  40$uhttp://www.aspresolver.com/aspresolver.asp?ANTH;1869265$yAlexander Street Press Ethnographic Video Online
=859  \\$aORR$bAlexander Street Press
=883  0\$aLanguage codes assigned by Bayesian analysis of words present in record$d20201028$qUk$c0.9010
=985  \\$aUpgraded by BSS-generated file for WR2011-1472
=CAT  \\$aWR13_071$b00$c20130610$lBLL01$h1629
=CAT  \\$aBATCH$b00$c20130610$lBLL01$h1629
=CAT  \\$aBATCH-UPD$b00$c20130610$lBLL01$h1630
=CAT  \\$aWR16_088$c20160606$lBLL01$h1632
=CAT  \\$aBATCH-UPD$b00$c20160606$lBLL01$h1637
=CAT  \\$aW1610-0368$c20161006$lBLL01$h0938
=CAT  \\$aW1606-1753$c20171028$lBLL01$h1352
=CAT  \\$aW2011-1472$b00$c20201127$lBLL01$h1833
=FIN  \\$aY$d20130610
=LAS  \\$aW2011-1472$b00$c20201127$lBLL01$h1833

