=LDR  02559 gm a2200457uu 4500
=001  016428841
=003  Uk
=005  20201127183334.0
=008  100813s9999\\\\xx\|||\|||||||||||mleng\d
=FMT  \\$a  VM
=035  \\$aASP1874599/ant2
=245  00$aOther Europe
=260  \\$aLondon, UK$bRoyal Anthropological Institute
=306  \\$a74 minutes
=490  0\$aEthnographic Video Online, Volume 2
=505  00$aWhat happens to African migrants once granted political refugee status? In Turin, a northern Italian city, an abandoned clinic has been squatted by more than 200 refugees since December 2008. Khaled, Shukri and Ali have been travelling through this hell in order to arrive in Italy. They crossed the border and are determined to have a normal life. Their hopes crash with a life condition "suspended". The film follows their stories over the years, showing life in the clinic, including the inevitable internal problems, the protests of citizenship and the initiatives of the City. The cold winter, unbearable sultry August, until the evacuation of the former clinic by the city authorities and the transfer of refugees in old barracks. Three emblematic characters guide us through a story that reveals, intimately, a collective history, an emblematic tale of all European countries today and their respective immigration policies and the changes occurring in the social fabric of European cities.
=546  \\$aIn Italian, English, Arabic, Somali, Subtitles in English
=650  04$aSudanese
=650  04$aSomali
=650  \4$aBarracks
=650  \4$aEvacuations
=650  \4$aWeather
=650  \4$aLocal government
=650  \4$aSquatting
=650  \4$aAfricans
=650  \4$aCities
=650  \4$aImmigration and emigration
=700  1\$aSchillaci, Rossella$4drt
=773  0\$dLondon, UK : Royal Anthropological Institute
=856  40$uhttp://www.aspresolver.com/aspresolver.asp?ANTH;1874599$yAlexander Street Press Ethnographic Video Online
=859  \\$aORR$bAlexander Street Press
=883  0\$aLanguage codes assigned by Bayesian analysis of words present in record$d20201028$qUk$c0.9010
=985  \\$aUpgraded by BSS-generated file for WR2011-1472
=CAT  \\$aWR13_071$b00$c20130610$lBLL01$h1629
=CAT  \\$aBATCH$b00$c20130610$lBLL01$h1629
=CAT  \\$aWR16_088$c20160606$lBLL01$h1632
=CAT  \\$aW1610-0368$c20161006$lBLL01$h0938
=CAT  \\$aW1606-1753$c20171028$lBLL01$h1352
=CAT  \\$aW2011-1472$b00$c20201127$lBLL01$h1833
=FIN  \\$aY$d20130610
=LAS  \\$aW2011-1472$b00$c20201127$lBLL01$h1833

