=LDR  02020 gm a2200469uu 4500
=001  016428851
=003  Uk
=005  20201127183334.0
=008  100813s2010\\\\xx\|||\|||||||||||mleng\d
=FMT  \\$a  VM
=035  \\$aASP1860621/ant2
=245  00$aPeople of the Savannah
=260  \\$aParis, France$bZED$c2010
=306  \\$a25 minutes
=490  0\$aEthnographic Video Online, Volume 2
=505  00$aThis collection takes us all around the world to meet people who have developed different and specific ways of life by adapting to their environment. They are aware of the economic interest of their land, and they manage to benefit from it. From Bolivia to India or Lapland, discover how miners, rickshaw pullers, gold diggers or reindeer breeders live today. This complete immersion in other ways of life reveals the breadth and variety of the world around us.
=546  \\$aIn English
=650  04$aWodaabe
=650  04$aKonso
=650  04$aBorana
=650  \4$aAnimal races
=650  \4$aCamels
=650  \4$aCattle
=650  \4$aCultural identity
=650  \4$aTribal and national groups
=650  \4$aAncient civilizations
=650  \4$aArchaeological artifacts
=700  1\$aBordier, Jean François$4drt
=700  1\$aBordier, Jean François$4nrt
=773  0\$dParis, France : ZED, 2010
=856  40$uhttp://www.aspresolver.com/aspresolver.asp?ANTH;1860621$yAlexander Street Press Ethnographic Video Online
=859  \\$aORR$bAlexander Street Press
=883  0\$aLanguage codes assigned by Bayesian analysis of words present in record$d20201028$qUk$c0.9010
=985  \\$aUpgraded by BSS-generated file for WR2011-1472
=CAT  \\$aWR13_071$b00$c20130610$lBLL01$h1629
=CAT  \\$aBATCH$b00$c20130610$lBLL01$h1629
=CAT  \\$aWR16_088$c20160606$lBLL01$h1632
=CAT  \\$aW1610-0368$c20161006$lBLL01$h0938
=CAT  \\$aW1606-1753$c20171028$lBLL01$h1352
=CAT  \\$aW2011-1472$b00$c20201127$lBLL01$h1833
=FIN  \\$aY$d20130610
=LAS  \\$aW2011-1472$b00$c20201127$lBLL01$h1833

