=LDR  01956 gm a2200409uu 4500
=001  016428852
=003  Uk
=005  20201127183334.0
=008  100813s9999\\\\xx\|||\|||||||||||mleng\d
=FMT  \\$a  VM
=035  \\$aASP1879765/ant2
=245  00$aPepe
=260  \\$aLondon, UK$bRoyal Anthropological Institute
=306  \\$a23 minutes
=490  0\$aEthnographic Video Online, Volume 2
=505  00$aPepe is a Spanish immigrant who came to England more than forty years ago to work as a waiter. After working in several restaurants and hotels, he retired two years ago and now he fills his days with daily routines that keep him occupied. This film offers an insight into the daily life of a retired person in London. As the spectator discovers, behind the repetitive routines that fill up his days lies a rich personal story. The film is a visual exploration of the spaces where the character moves, his memories and desires.
=546  \\$aIn Spanish, Subtitles in English
=650  04$aSpanish
=650  \4$aCity life
=650  \4$aRetired from job
=650  \4$aDaily life
=650  \4$aHospitality industry
=650  \4$aSpanish people
=650  \4$aImmigration and emigration
=773  0\$dLondon, UK : Royal Anthropological Institute
=856  40$uhttp://www.aspresolver.com/aspresolver.asp?ANTH;1879765$yAlexander Street Press Ethnographic Video Online
=859  \\$aORR$bAlexander Street Press
=883  0\$aLanguage codes assigned by Bayesian analysis of words present in record$d20201028$qUk$c0.9010
=985  \\$aUpgraded by BSS-generated file for WR2011-1472
=CAT  \\$aWR13_071$b00$c20130610$lBLL01$h1629
=CAT  \\$aBATCH$b00$c20130610$lBLL01$h1629
=CAT  \\$aWR16_088$c20160606$lBLL01$h1632
=CAT  \\$aW1610-0368$c20161006$lBLL01$h0938
=CAT  \\$aW1606-1753$c20171028$lBLL01$h1352
=CAT  \\$aW2011-1472$b00$c20201127$lBLL01$h1833
=FIN  \\$aY$d20130610
=LAS  \\$aW2011-1472$b00$c20201127$lBLL01$h1833

