=LDR  02395 gm a2200433uu 4500
=001  016428853
=003  Uk
=005  20201127183334.0
=008  100813s9999\\\\xx\|||\|||||||||||mleng\d
=FMT  \\$a  VM
=035  \\$aASP1879758/ant2
=245  00$aQ2P
=260  \\$aLondon, UK$bRoyal Anthropological Institute
=306  \\$a54 minutes
=490  0\$aEthnographic Video Online, Volume 2
=505  00$aQ2P is a film about toilets and the city. It sifts through the dream of Mumbai as a future Shanghai and searches for public toilets, watching who has to queue to pee. As the film observes who has access to toilets and who doesn't, we begin to also see the imagination of gender that underlies the city's shape, the constantly shifting boundaries between public and private space; we learn of small acts of survival that people in the city's bottom half cobble together and quixotic ideas of social change that thrive with mixed results; we hear the silence that surrounds toilets and sense how similar it is to the silence that surrounds inequality. The toilet becomes a riddle with many answers and some of those answers are questions - about gender, about class, about caste and most of all about space, urban development and the twisted myth of the global metropolis.
=546  \\$aIn Hindi, English, Subtitles in English
=650  04$aIndian
=650  \4$aGender discrimination
=650  \4$aSocial classes
=650  \4$aMunicipal government
=650  \4$aCity life
=650  \4$aSanitation
=700  1\$aVohra, Paromita.$4drt
=700  1\$aTuhinna$4nrt
=773  0\$dLondon, UK : Royal Anthropological Institute
=856  40$uhttp://www.aspresolver.com/aspresolver.asp?ANTH;1879758$yAlexander Street Press Ethnographic Video Online
=859  \\$aORR$bAlexander Street Press
=883  0\$aLanguage codes assigned by Bayesian analysis of words present in record$d20201028$qUk$c0.9010
=985  \\$aUpgraded by BSS-generated file for WR2011-1472
=CAT  \\$aWR13_071$b00$c20130610$lBLL01$h1629
=CAT  \\$aBATCH$b00$c20130610$lBLL01$h1629
=CAT  \\$aWR16_088$c20160606$lBLL01$h1632
=CAT  \\$aBATCH-UPD$b00$c20160606$lBLL01$h1637
=CAT  \\$aW1610-0368$c20161006$lBLL01$h0938
=CAT  \\$aW1606-1753$c20171028$lBLL01$h1352
=CAT  \\$aW2011-1472$b00$c20201127$lBLL01$h1833
=FIN  \\$aY$d20130610
=LAS  \\$aW2011-1472$b00$c20201127$lBLL01$h1833

