=LDR  01995 gm a2200421uu 4500
=001  016428854
=003  Uk
=005  20201127183334.0
=008  100813s9999\\\\xx\|||\|||||||||||mleng\d
=FMT  \\$a  VM
=035  \\$aASP1860673/ant2
=245  00$aThe Quest for the Gongs
=260  \\$aParis, France$bZED
=306  \\$a51 minutes
=490  0\$aEthnographic Video Online, Volume 2
=505  00$aIn the mountains of the southeast Vietnam, Ma Bio, a Chu Ru woman, is one the few people who plays the gong, an ancestral drum considered an Oral Masterpiece of Human Heritage by Unesco. She teaches the gong to the young generation of her village. Ma Bio is worried because her set of gongs are old and pierced, and she knows she has to travel far to get new ones. Accompanied by her niece MaLuhin, she leaves on 600 km journey across the mountains and countryside to meet the last gong makers of Vietnam, possessors of a unique know-how.
=546  \\$aIn English
=650  04$aChuru
=650  \4$aCultural identity
=650  \4$aTribal and national groups
=650  \4$aMusical instruments
=700  1\$aCatteau, Manuel$4pro
=700  1\$aSegur, Jérôme$4drt
=700  1\$aForrest, Jodie.$4nrt
=773  0\$dParis, France : ZED
=856  40$uhttp://www.aspresolver.com/aspresolver.asp?ANTH;1860673$yAlexander Street Press Ethnographic Video Online
=859  \\$aORR$bAlexander Street Press
=883  0\$aLanguage codes assigned by Bayesian analysis of words present in record$d20201028$qUk$c0.9010
=985  \\$aUpgraded by BSS-generated file for WR2011-1472
=CAT  \\$aWR13_071$b00$c20130610$lBLL01$h1629
=CAT  \\$aBATCH$b00$c20130610$lBLL01$h1629
=CAT  \\$aWR16_088$c20160606$lBLL01$h1632
=CAT  \\$aBATCH-UPD$b00$c20160606$lBLL01$h1637
=CAT  \\$aW1610-0368$c20161006$lBLL01$h0938
=CAT  \\$aW1606-1753$c20171028$lBLL01$h1352
=CAT  \\$aW2011-1472$b00$c20201127$lBLL01$h1833
=FIN  \\$aY$d20130610
=LAS  \\$aW2011-1472$b00$c20201127$lBLL01$h1833

