=LDR  04236 gm a2200445uu 4500
=001  016428856
=003  Uk
=005  20201127183334.0
=008  100813s9999\\\\xx\|||\|||||||||||mleng\d
=FMT  \\$a  VM
=035  \\$aASP1879750/ant2
=245  00$aRaju and His Friends
=260  \\$aLondon, UK$bRoyal Anthropological Institute
=306  \\$a39 minutes
=490  0\$aEthnographic Video Online, Volume 2
=505  00$aThis film explores the nature of friendship in Jamnagar, a town in Gujarat state, western India, through the eyes and impressions of Raju, an unmarried Jain man. These friendships are with school friends, a woman he loves and the film-maker himself. Throughout the film we follow Raju as he shows us his shop, his town, his home and other places that are important to him. From the outset the friendship between Raju and the film-maker is clear and at intervals throughout the film the film-maker reveals himself through commentary, discussing their relationship and speculating on Raju's reactions to events in his life. Raju and his father are traders and the film-maker observes and interviews them in their shop, learning their views on religion, business and the affection they feel for Jamnagar, which they consider to be peaceful. Ironically, this particular conversation is swamped by the continual noise of the street and traffic, but it is clear from their comments here and elsewhere that this peace is not solely an aural quality. The sensitive camera work (by Andy Jillings) helps communicate this affection. Later, Raju discusses relations between Hindus and Muslims in the town, pointing out areas where they live together, but noting that marriage rarely occurs. Raju then reveals that he and a Muslim woman (a Bohra in fact, see Roy 1984) had fallen in love but that, in the face of parental opposition, they decided that duty to their families was more important than their own happiness. The woman is now married to another man and does not appear in the film: Raju tells us that the friendship, treated with great propriety, still remains, however. In echoes of what might have been, Raju then takes the film-maker to a relative's wedding and then on to his ancestral village to worship at the family shrine-an act always performed by a newly-married man and his bride. They then return to Raju's home in the town where we see the easy relationship he has with his immediate family, including his brother's children. The second half of the film focuses more on relationships with friends: we meet an old school friend with whom Raju takes tea and discusses the finger signals they use to order it; afterwards we see him with a group of Muslim teachers with whom he once worked. In the film's final sequence Raju, two friends and the film-maker take a trip into the countryside and while relaxing there, Raju makes his final comments on the nature of friendship. It is partly duty, he says, but as he explores the idea of duty, he decides that the commitment of friendship is more of a pleasure than a duty. Thus it has been a pleasure for him to collaborate in the making of the film, not a duty.
=650  04$aIndian
=650  \4$aWeddings
=650  \4$aBroken relationships
=650  \4$aRomantic relationships
=650  \4$aHinduism
=650  \4$aTowns
=650  \4$aDaily life
=650  \4$aFriends
=700  1\$aBanks, Marcus.$4drt
=700  1\$aMehta, Raju$4oth
=773  0\$dLondon, UK : Royal Anthropological Institute
=856  40$uhttp://www.aspresolver.com/aspresolver.asp?ANTH;1879750$yAlexander Street Press Ethnographic Video Online
=859  \\$aORR$bAlexander Street Press
=883  0\$aLanguage codes assigned by Bayesian analysis of words present in record$d20201028$qUk$c0.9010
=985  \\$aUpgraded by BSS-generated file for WR2011-1472
=CAT  \\$aWR13_071$b00$c20130610$lBLL01$h1629
=CAT  \\$aBATCH$b00$c20130610$lBLL01$h1629
=CAT  \\$aWR16_088$c20160606$lBLL01$h1632
=CAT  \\$aBATCH-UPD$b00$c20160606$lBLL01$h1637
=CAT  \\$aW1610-0368$c20161006$lBLL01$h0938
=CAT  \\$aW1606-1753$c20171028$lBLL01$h1352
=CAT  \\$aW2011-1472$b00$c20201127$lBLL01$h1833
=FIN  \\$aY$d20130610
=LAS  \\$aW2011-1472$b00$c20201127$lBLL01$h1833

