=LDR  02225 gm a2200445uu 4500
=001  016428858
=003  Uk
=005  20201127183334.0
=008  100813s2006\\\\xx\|||\|||||||||||mleng\d
=FMT  \\$a  VM
=035  \\$aASP1860643/ant2
=245  00$aRed Skin
=260  \\$aParis, France$bZED$c2006
=306  \\$a51 minutes
=490  0\$aEthnographic Video Online, Volume 2
=505  00$aIn northern Amazonia, in one of the most inaccessible forests of Brazil, the Wajapi live an existence preserved from modern influence. Fleeing from white people, their diseases, massacres, and forest clearance, they tried to preserve their identity and their way of life.Here, painting one's skin red is a way of maintaining a link with a very ancient civilization. The Wajapi have a long history of using vegetable dyes to adorn their bodies with geometric motifs and symbols, the jenipa kusiwara. Over the centuries, they have developed a unique communication system - a rich blend of graphic and verbal components - that reflects their world-view and enables them to hand down knowledge about community life.
=546  \\$aIn English
=650  04$aWayampi (Waiãpi)
=650  \4$aCultural assimilation
=650  \4$aHunting
=650  \4$aCultural identity
=650  \4$aTribal and national groups
=650  \4$aChildbirth
=650  \4$aBody alteration
=700  1\$aCatteau, Manuel$4pro
=700  1\$aBuffet, Charlie.$4drt
=773  0\$dParis, France : ZED, 2006
=856  40$uhttp://www.aspresolver.com/aspresolver.asp?ANTH;1860643$yAlexander Street Press Ethnographic Video Online
=859  \\$aORR$bAlexander Street Press
=883  0\$aLanguage codes assigned by Bayesian analysis of words present in record$d20201028$qUk$c0.9010
=985  \\$aUpgraded by BSS-generated file for WR2011-1472
=CAT  \\$aWR13_071$b00$c20130610$lBLL01$h1629
=CAT  \\$aBATCH$b00$c20130610$lBLL01$h1629
=CAT  \\$aWR16_088$c20160606$lBLL01$h1632
=CAT  \\$aBATCH-UPD$b00$c20160606$lBLL01$h1637
=CAT  \\$aW1610-0368$c20161006$lBLL01$h0938
=CAT  \\$aW1606-1753$c20171028$lBLL01$h1352
=CAT  \\$aW2011-1472$b00$c20201127$lBLL01$h1833
=FIN  \\$aY$d20130610
=LAS  \\$aW2011-1472$b00$c20201127$lBLL01$h1833

