=LDR  02132 gm a2200445uu 4500
=001  016428859
=003  Uk
=005  20201127183334.0
=008  100813s9999\\\\xx\|||\|||||||||||mleng\d
=FMT  \\$a  VM
=035  \\$aASP1879738/ant2
=245  00$aReturning Home: Revival of a Bosnian Village
=260  \\$aLondon, UK$bRoyal Anthropological Institute
=306  \\$a45 minutes
=490  0\$aEthnographic Video Online, Volume 2
=505  00$aThe film is the sequel to, We are all Neighbours, the 1993 Granada Disappearing World film, about the breakdown of relations between Muslims and Croats as war overtakes their ethnically mixed village in Central Bosnia. Returning Home follows the same Muslim families seven years later as they rebuild their lives in their devastated village. It illustrates the decisive role of the international community in facilitating returns, the steely determination of displaced villagers to return, and their surprisingly sympathetic attitude toward Croat refugees living in their homes.
=546  \\$aIn English, Subtitles in English
=650  04$aBosnian
=650  \4$aHousehold moves
=650  \4$aDaily life
=650  \4$aInternational relations
=650  \4$aRefugees
=650  \4$aWar
=700  1\$aBringa, Tone$4pro
=700  1\$aBringa, Tone$4drt
=700  1\$aLoizos, Peter$4drt
=700  1\$aBringa, Tone$4nrt
=773  0\$dLondon, UK : Royal Anthropological Institute
=856  40$uhttp://www.aspresolver.com/aspresolver.asp?ANTH;1879738$yAlexander Street Press Ethnographic Video Online
=859  \\$aORR$bAlexander Street Press
=883  0\$aLanguage codes assigned by Bayesian analysis of words present in record$d20201028$qUk$c0.9010
=985  \\$aUpgraded by BSS-generated file for WR2011-1472
=CAT  \\$aWR13_071$b00$c20130610$lBLL01$h1629
=CAT  \\$aBATCH$b00$c20130610$lBLL01$h1629
=CAT  \\$aWR16_088$c20160606$lBLL01$h1632
=CAT  \\$aW1610-0368$c20161006$lBLL01$h0938
=CAT  \\$aW1606-1753$c20171028$lBLL01$h1352
=CAT  \\$aW2011-1472$b00$c20201127$lBLL01$h1833
=FIN  \\$aY$d20130610
=LAS  \\$aW2011-1472$b00$c20201127$lBLL01$h1833

