=LDR  01941 gm a2200433uu 4500
=001  016428860
=003  Uk
=005  20201127183334.0
=008  100813s9999\\\\xx\|||\|||||||||||mleng\d
=FMT  \\$a  VM
=035  \\$aASP1879733/ant2
=245  00$aRitual Journeys
=260  \\$aLondon, UK$bRoyal Anthropological Institute
=306  \\$a74 minutes
=490  0\$aEthnographic Video Online, Volume 2
=505  00$aThe film is an intimate portrait of Merayk, an 80 years old Lepcha shaman or Padim. Merayk lives with his family in Dzongu, a Lepcha reserve in North Sikkim. He performs healing rituals for individuals as well as rituals for the well-being of the household, the clan and his village community. Cameraman Dawa Lepcha followed Meyrak and recorded his daily life and rituals between 2003 and 2007.
=546  \\$aIn Lepcha, Subtitles in English
=650  04$aLepcha
=650  \4$aCommunity events
=650  \4$aDaily life
=650  \4$aReligious rites and ceremonies
=650  \4$aShamanism
=700  1\$aBalikci-Denjongpa, Anna.$4drt
=700  1\$aLepcha, Dawa T.$4drt
=700  1\$aLepcha, Merayk$4oth
=773  0\$dLondon, UK : Royal Anthropological Institute
=856  40$uhttp://www.aspresolver.com/aspresolver.asp?ANTH;1879733$yAlexander Street Press Ethnographic Video Online
=859  \\$aORR$bAlexander Street Press
=883  0\$aLanguage codes assigned by Bayesian analysis of words present in record$d20201028$qUk$c0.9010
=985  \\$aUpgraded by BSS-generated file for WR2011-1472
=CAT  \\$aWR13_071$b00$c20130610$lBLL01$h1629
=CAT  \\$aBATCH$b00$c20130610$lBLL01$h1629
=CAT  \\$aWR16_088$c20160606$lBLL01$h1632
=CAT  \\$aBATCH-UPD$b00$c20160606$lBLL01$h1637
=CAT  \\$aW1610-0368$c20161006$lBLL01$h0938
=CAT  \\$aW1606-1753$c20171028$lBLL01$h1352
=CAT  \\$aW2011-1472$b00$c20201127$lBLL01$h1833
=FIN  \\$aY$d20130610
=LAS  \\$aW2011-1472$b00$c20201127$lBLL01$h1833

