=LDR  02020 gm a2200409uu 4500
=001  016428861
=003  Uk
=005  20201127183334.0
=008  100813s9999\\\\xx\|||\|||||||||||mleng\d
=FMT  \\$a  VM
=035  \\$aASP1879652/ant2
=245  00$aRoom 11, Ethiopia Hotel
=260  \\$aLondon, UK$bRoyal Anthropological Institute
=306  \\$a22 minutes
=490  0\$aEthnographic Video Online, Volume 2
=505  00$aThe film recounts the life of children living on the street in Gondar, Ethiopia, by witnessing the interactionbetween two children and myself. The entire film was shot in the room of Ethiopia Hotel. This limited space allows the film to focus on our communication and captures some of the ideas that enable them to endure and survive on the street. Indeed, this film is more a sensitive testimony than a scientific documentary. This hybrid approach aims to explore new trends in visual anthropology, including the issue of dealing with intimacy and subjectivity.
=546  \\$aIn Amhara, Subtitles in English
=650  04$aAmhara
=650  \4$aChildren
=650  \4$aCommunication
=650  \4$aHotels and inns
=650  \4$aHomeless life
=700  1\$aKawase, Itsushi.$4drt
=773  0\$dLondon, UK : Royal Anthropological Institute
=856  40$uhttp://www.aspresolver.com/aspresolver.asp?ANTH;1879652$yAlexander Street Press Ethnographic Video Online
=859  \\$aORR$bAlexander Street Press
=883  0\$aLanguage codes assigned by Bayesian analysis of words present in record$d20201028$qUk$c0.9010
=985  \\$aUpgraded by BSS-generated file for WR2011-1472
=CAT  \\$aWR13_071$b00$c20130610$lBLL01$h1629
=CAT  \\$aBATCH$b00$c20130610$lBLL01$h1629
=CAT  \\$aWR16_088$c20160606$lBLL01$h1632
=CAT  \\$aBATCH-UPD$b00$c20160606$lBLL01$h1637
=CAT  \\$aW1610-0368$c20161006$lBLL01$h0938
=CAT  \\$aW1606-1753$c20171028$lBLL01$h1352
=CAT  \\$aW2011-1472$b00$c20201127$lBLL01$h1833
=FIN  \\$aY$d20130610
=LAS  \\$aW2011-1472$b00$c20201127$lBLL01$h1833

