=LDR  02534 gm a2200433uu 4500
=001  016428862
=003  Uk
=005  20201127183334.0
=008  100813s1988\\\\xx\|||\|||||||||||mleng\d
=FMT  \\$a  VM
=035  \\$aASP1871125/ant2
=245  00$aThe Saint With Two Faces: Cuyagua Part II
=260  \\$aLondon, UK$bRoyal Anthropological Institute$c1988
=306  \\$a41 minutes
=490  0\$aEthnographic Video Online, Volume 2
=505  00$aRecorded in 1986
=520  3\$aThe Feast of St John the Baptist begins two or three weeks after Corpus Christi, on June 23rd. According to biblical tradition, St John lived in the desert, renouncing the pleasures of this world. But the people of Cuyagua think of him as a flamboyantly dressed young man, with a passion for making merry.Although men provide drum music and join in the dancing, the celebration of St John's Feast is a predominantly female affair in Cuyagua, based on a large body of women's songs. The Saint with Two Faces introduces some of the leading women followers of St John, both at work cleaning the beach for tourists, and at home with their children. A group of these women describe their beliefs about St John and the way in which they organise his Feast. But these preliminary scenes also serve to establish the themes that will underlie the Feast itself - an extraordinary conjunction of the sacred and the profane, of celebration and mourning.
=546  \\$aIn English, Spanish, Subtitles in English
=650  04$aAfrican Caribbean
=650  \4$aWomen
=650  \4$aReligious festivals
=650  \4$aCultural change and history
=650  \4$aRural population
=700  1\$aDrion, Georges$4drt
=700  1\$aHenley, Paul.$4drt
=773  0\$dLondon, UK : Royal Anthropological Institute, 1988
=856  40$uhttp://www.aspresolver.com/aspresolver.asp?ANTH;1871125$yAlexander Street Press Ethnographic Video Online
=859  \\$aORR$bAlexander Street Press
=883  0\$aLanguage codes assigned by Bayesian analysis of words present in record$d20201028$qUk$c0.9010
=985  \\$aUpgraded by BSS-generated file for WR2011-1472
=CAT  \\$aWR13_071$b00$c20130610$lBLL01$h1629
=CAT  \\$aBATCH$b00$c20130610$lBLL01$h1629
=CAT  \\$aWR16_088$c20160606$lBLL01$h1632
=CAT  \\$aBATCH-UPD$b00$c20160606$lBLL01$h1637
=CAT  \\$aW1610-0368$c20161006$lBLL01$h0938
=CAT  \\$aW1606-1753$c20171028$lBLL01$h1352
=CAT  \\$aW2011-1472$b00$c20201127$lBLL01$h1833
=FIN  \\$aY$d20130610
=LAS  \\$aW2011-1472$b00$c20201127$lBLL01$h1833

