=LDR  01790 gm a2200409uu 4500
=001  016428863
=003  Uk
=005  20201127183334.0
=008  100813s9999\\\\xx\|||\|||||||||||mleng\d
=FMT  \\$a  VM
=035  \\$aASP1879648/ant2
=245  00$aScenes of Afghan Music: London, Kabul, Hamburg, Dublin
=260  \\$aLondon, UK$bRoyal Anthropological Institute
=306  \\$a97 minutes
=490  0\$aEthnographic Video Online, Volume 2
=505  00$aScenes of Afghan Music is Part IV of A Quartet of Afghan Music Films, made in the author's personal "fieldwork movie" style. It reveals the diversity of music and dance practices in the Afghan transnational community: old and new, male and female, public and private, amateur and professional, controlled and uncontrolled.
=546  \\$aIn English, Dari, Subtitles in English
=650  04$aAfghan
=650  \4$aDance
=650  \4$aMusical performances
=650  \4$aMusicians
=650  \4$aMusic
=650  \4$aCultural identity
=700  1\$aBaily, John$4drt
=773  0\$dLondon, UK : Royal Anthropological Institute
=856  40$uhttp://www.aspresolver.com/aspresolver.asp?ANTH;1879648$yAlexander Street Press Ethnographic Video Online
=859  \\$aORR$bAlexander Street Press
=883  0\$aLanguage codes assigned by Bayesian analysis of words present in record$d20201028$qUk$c0.9010
=985  \\$aUpgraded by BSS-generated file for WR2011-1472
=CAT  \\$aWR13_071$b00$c20130610$lBLL01$h1629
=CAT  \\$aBATCH$b00$c20130610$lBLL01$h1629
=CAT  \\$aWR16_088$c20160606$lBLL01$h1632
=CAT  \\$aW1610-0368$c20161006$lBLL01$h0938
=CAT  \\$aW1606-1753$c20171028$lBLL01$h1352
=CAT  \\$aW2011-1472$b00$c20201127$lBLL01$h1833
=FIN  \\$aY$d20130610
=LAS  \\$aW2011-1472$b00$c20201127$lBLL01$h1833

