=LDR  01857 gm a2200397uu 4500
=001  016428864
=003  Uk
=005  20201127183334.0
=008  100813s1992\\\\xx\|||\|||||||||||mleng\d
=FMT  \\$a  VM
=035  \\$aASP1879816/ant2
=245  00$aThe School and the Village
=260  \\$aLondon, UK$bRoyal Anthropological Institute$c1992
=306  \\$a55 minutes
=490  0\$aEthnographic Video Online, Volume 2
=505  00$aTaiga Nomads is a film series about the Evenki (previously the Tungus), a nomadic people scattered all over eastern Siberia, and living under harsh conditions in the taiga ± an area predominated by coniferous/larch forests and swamp lands. This series gives a picture of everyday life, during the four seasons the film crew lived with the main characters, consisting of three generations of members of the Archemku family.
=546  \\$aIn English, Russian, Subtitles in English
=650  04$aEvenki
=650  \4$aTribal and national groups
=650  \4$aStudents
=650  \4$aDaily life
=650  \4$aSchools
=700  1\$aLappalainen, Heimo$4drt
=773  0\$dLondon, UK : Royal Anthropological Institute, 1992
=856  40$uhttp://www.aspresolver.com/aspresolver.asp?ANTH;1879816$yAlexander Street Press Ethnographic Video Online
=859  \\$aORR$bAlexander Street Press
=883  0\$aLanguage codes assigned by Bayesian analysis of words present in record$d20201028$qUk$c0.9010
=985  \\$aUpgraded by BSS-generated file for WR2011-1472
=CAT  \\$aWR13_071$b00$c20130610$lBLL01$h1629
=CAT  \\$aBATCH$b00$c20130610$lBLL01$h1629
=CAT  \\$aWR16_088$c20160606$lBLL01$h1632
=CAT  \\$aW1610-0368$c20161006$lBLL01$h0938
=CAT  \\$aW1606-1753$c20171028$lBLL01$h1352
=CAT  \\$aW2011-1472$b00$c20201127$lBLL01$h1833
=FIN  \\$aY$d20130610
=LAS  \\$aW2011-1472$b00$c20201127$lBLL01$h1833

