=LDR  02649 gm a2200505uu 4500
=001  016428865
=003  Uk
=005  20201127183334.0
=008  100813s9999\\\\xx\|||\|||||||||||mleng\d
=FMT  \\$a  VM
=035  \\$aASP1869259/ant2
=245  00$aThe Shackles of Tradition - Franz Boas (1858-1942)
=260  \\$aLondon, UK$bRoyal Anthropological Institute
=306  \\$a53 minutes
=490  0\$aEthnographic Video Online, Volume 2
=505  00$aCentral Television's major documentary series looks at the first anthropologists to stop 'armchair theorising' and go out to live among the peoples who so interested them. In 1883, a young German scientist - Franz Boas - arrived in the Canadian Arctic to map the coastline and indulge in his new interest the study of other cultures. As he charted Baffin Island, he recorded the lives and ideas of the Eskimo who helped him with his work. He became so absorbed by the common features that unite humans everywhere that he made the study of culture his life's work and did fieldwork in both the Arctic and the North West Coast of America among Indian tribes. Considered to be the founding father of American anthropology, Boas taught at Columbia University, encouraging his students to follow his example by actually working in the field.
=546  \\$aIn English
=600  14$aBoas, Franz
=650  04$aAmerican Indian
=650  04$aEskimo
=650  \4$aTotem poles
=650  \4$aReligious rites and ceremonies
=650  \4$aArchaeological artifacts
=650  \4$aTribal and national groups
=650  \4$aField work for anthropology
=650  \4$aScientific research
=650  \4$aAnthropologists
=700  1\$aSinger, André.$4pro
=700  1\$aSinger, André.$4drt
=700  1\$aDakowski, Bruce.$4nrt
=773  0\$dLondon, UK : Royal Anthropological Institute
=856  40$uhttp://www.aspresolver.com/aspresolver.asp?ANTH;1869259$yAlexander Street Press Ethnographic Video Online
=859  \\$aORR$bAlexander Street Press
=883  0\$aLanguage codes assigned by Bayesian analysis of words present in record$d20201028$qUk$c0.9010
=985  \\$aUpgraded by BSS-generated file for WR2011-1472
=CAT  \\$aWR13_071$b00$c20130610$lBLL01$h1629
=CAT  \\$aBATCH$b00$c20130610$lBLL01$h1629
=CAT  \\$aBATCH-UPD$b00$c20130610$lBLL01$h1630
=CAT  \\$aWR16_088$c20160606$lBLL01$h1632
=CAT  \\$aBATCH-UPD$b00$c20160606$lBLL01$h1637
=CAT  \\$aW1610-0368$c20161006$lBLL01$h0938
=CAT  \\$aW1606-1753$c20171028$lBLL01$h1352
=CAT  \\$aW2011-1472$b00$c20201127$lBLL01$h1833
=FIN  \\$aY$d20130610
=LAS  \\$aW2011-1472$b00$c20201127$lBLL01$h1833

