=LDR  02021 gm a2200433uu 4500
=001  016428866
=003  Uk
=005  20201127183334.0
=008  100813s1996\\\\xx\|||\|||||||||||mleng\d
=FMT  \\$a  VM
=035  \\$aASP1870987/ant2
=245  00$aA Sheepherder's Homecoming
=260  \\$aLondon, UK$bRoyal Anthropological Institute$c1996
=306  \\$a40 minutes
=490  0\$aEthnographic Video Online, Volume 2
=505  00$aThis film documents a migrant worker's experiences as a herder on a Nevada sheep ranch who then returns to his family in Mexico after a long absence to renew ties and find a job at home. It contains an original Mexican corrido song track and a voice over based on John Berger's 'A Seventh Man.' The film contributes towards understanding the often temporal and circular process of migration, and its impact on social networks and familial relations.
=546  \\$aIn English, Spanish, Subtitles in English
=650  04$aMexican
=650  \4$aFamily separation
=650  \4$aMigrant life
=650  \4$aHomecomings
=650  \4$aHerders
=700  1\$aMoore, Allen,$d1952-
=700  1\$aWerner, Louis$4drt
=773  0\$dLondon, UK : Royal Anthropological Institute, 1996
=856  40$uhttp://www.aspresolver.com/aspresolver.asp?ANTH;1870987$yAlexander Street Press Ethnographic Video Online
=859  \\$aORR$bAlexander Street Press
=883  0\$aLanguage codes assigned by Bayesian analysis of words present in record$d20201028$qUk$c0.9010
=985  \\$aUpgraded by BSS-generated file for WR2011-1472
=CAT  \\$aWR13_071$b00$c20130610$lBLL01$h1629
=CAT  \\$aBATCH$b00$c20130610$lBLL01$h1629
=CAT  \\$aBATCH-UPD$b00$c20160226$lBLL01$h2047
=CAT  \\$a8962$b40$c20160302$lBLL01$h0915
=CAT  \\$aWR16_088$c20160606$lBLL01$h1632
=CAT  \\$aW1610-0368$c20161006$lBLL01$h0938
=CAT  \\$aW1606-1753$c20171028$lBLL01$h1352
=CAT  \\$aW2011-1472$b00$c20201127$lBLL01$h1833
=FIN  \\$aY$d20130610
=LAS  \\$aW2011-1472$b00$c20201127$lBLL01$h1833

