=LDR  02433 gm a2200409uu 4500
=001  016428867
=003  Uk
=005  20201127183334.0
=008  100813s9999\\\\xx\|||\|||||||||||mleng\d
=FMT  \\$a  VM
=035  \\$aASP1879646/ant2
=245  00$aSifinja - The Iron Bride
=260  \\$aLondon, UK$bRoyal Anthropological Institute
=306  \\$a71 minutes
=490  0\$aEthnographic Video Online, Volume 2
=505  00$aA film about mobility, human creativity, and technology in a Sudanese truck community. The English Bedford-Lorry was introduced to Sudan in the late 1960s. Since then, local craftsmen technically modify the truck into an ideal vehicle, adequate for traveling off-road and for performing customers' expectations. The craftsmen and drivers call the lorry "Sifinja" because it is soft and comfortable like the plastic slippers it is named after. In different places in Sudan the carpenters and blacksmiths not only create a shiny iron bride, but they change the whole structure of the lorry through a highly unorthodox performance. Following closely the daily work, art and history of truck-modding on the Nile, a fascinating way of African creativity dealing with global commodities - the automobiles - is opened up. The documentary weaves the original sound of hammering and sawing, drilling and riveting, into a rhythmic, exhilarating audio-visual adventure.
=546  \\$aIn Arabic, Subtitles in English
=650  04$aSudanese
=650  \4$aMetal-working
=650  \4$aAutomobile making
=650  \4$aMechanical repairs
=650  \4$aBuses
=700  1\$aHänsch, Valerie.$4drt
=773  0\$dLondon, UK : Royal Anthropological Institute
=856  40$uhttp://www.aspresolver.com/aspresolver.asp?ANTH;1879646$yAlexander Street Press Ethnographic Video Online
=859  \\$aORR$bAlexander Street Press
=883  0\$aLanguage codes assigned by Bayesian analysis of words present in record$d20201028$qUk$c0.9010
=985  \\$aUpgraded by BSS-generated file for WR2011-1472
=CAT  \\$aWR13_071$b00$c20130610$lBLL01$h1629
=CAT  \\$aBATCH$b00$c20130610$lBLL01$h1629
=CAT  \\$aWR16_088$c20160606$lBLL01$h1632
=CAT  \\$aW1610-0368$c20161006$lBLL01$h0938
=CAT  \\$aW1606-1753$c20171028$lBLL01$h1352
=CAT  \\$aBATCH-UPD$b00$c20191123$lBLL01$h1708
=CAT  \\$aW2011-1472$b00$c20201127$lBLL01$h1833
=FIN  \\$aY$d20130610
=LAS  \\$aW2011-1472$b00$c20201127$lBLL01$h1833

