=LDR  02140 gm a2200433uu 4500
=001  016428868
=003  Uk
=005  20201127183334.0
=008  100813s9999\\\\xx\|||\|||||||||||mleng\d
=FMT  \\$a  VM
=035  \\$aASP1879638/ant2
=245  00$aSilk, Muthappar and VHS: Portraits from South India
=260  \\$aLondon, UK$bRoyal Anthropological Institute
=306  \\$a61 minutes
=490  0\$aEthnographic Video Online, Volume 2
=505  00$aThe documentary, filmed during ethnographic field research, shows three portraits of 'ordinary' personalities - Mala, a young weaver sharing a one-bedroom house with nine siblings; Santa Cruz, once a fishtrader and now a healer and magician; and Muthiah, a videographer of upper class weddings - living in a neighbourhood in Nagercoil, a south Indian town. The aim of the video is to show the persons not as representatives of homogeneous masses, but to acknowledge them as individuals who nurse their own specific worries and strategies in a changing world. The protagonists thus themselves comment about their own lives and actions.
=650  04$aIndian
=650  \4$aTown life
=650  \4$aUpper-class
=650  \4$aWeddings
=650  \4$aHealers
=650  \4$aSiblings
=650  \4$aLiving arrangements
=650  \4$aWeavers
=700  1\$aGrossenbacher, Ulrich$4drt
=700  1\$aLuethi, Damaris$4drt
=773  0\$dLondon, UK : Royal Anthropological Institute
=856  40$uhttp://www.aspresolver.com/aspresolver.asp?ANTH;1879638$yAlexander Street Press Ethnographic Video Online
=859  \\$aORR$bAlexander Street Press
=883  0\$aLanguage codes assigned by Bayesian analysis of words present in record$d20201028$qUk$c0.9010
=985  \\$aUpgraded by BSS-generated file for WR2011-1472
=CAT  \\$aWR13_071$b00$c20130610$lBLL01$h1629
=CAT  \\$aBATCH$b00$c20130610$lBLL01$h1629
=CAT  \\$aWR16_088$c20160606$lBLL01$h1632
=CAT  \\$aW1610-0368$c20161006$lBLL01$h0938
=CAT  \\$aW1606-1753$c20171028$lBLL01$h1352
=CAT  \\$aW2011-1472$b00$c20201127$lBLL01$h1833
=FIN  \\$aY$d20130610
=LAS  \\$aW2011-1472$b00$c20201127$lBLL01$h1833

