=LDR  01697 gm a2200397uu 4500
=001  016428870
=003  Uk
=005  20201127183334.0
=008  100813s1991\\\\xx\|||\|||||||||||mleng\d
=FMT  \\$a  VM
=035  \\$aASP1879633/ant2
=245  00$aSmoke
=260  \\$aLondon, UK$bRoyal Anthropological Institute$c1991
=306  \\$a28 minutes
=490  0\$aEthnographic Video Online, Volume 2
=505  00$aThe film deals with fish smoking in Monnickendam, a small town twelve miles north of Amsterdam. Using archival footage, interviewing old fishermen, and contrasting the traditional and the modern industrial way to smoke fish, the film offers insight into changing life styles on the Dutch coast.
=650  04$aDutch
=650  \4$aTown life
=650  \4$aIndustry
=650  \4$aFood preparation
=650  \4$aCommercial fishing
=700  1\$aRens, Maarten.$4drt
=773  0\$dLondon, UK : Royal Anthropological Institute, 1991
=856  40$uhttp://www.aspresolver.com/aspresolver.asp?ANTH;1879633$yAlexander Street Press Ethnographic Video Online
=859  \\$aORR$bAlexander Street Press
=883  0\$aLanguage codes assigned by Bayesian analysis of words present in record$d20201028$qUk$c0.9010
=985  \\$aUpgraded by BSS-generated file for WR2011-1472
=CAT  \\$aWR13_071$b00$c20130610$lBLL01$h1629
=CAT  \\$aBATCH$b00$c20130610$lBLL01$h1629
=CAT  \\$aWR16_088$c20160606$lBLL01$h1632
=CAT  \\$aBATCH-UPD$b00$c20160606$lBLL01$h1637
=CAT  \\$aW1610-0368$c20161006$lBLL01$h0938
=CAT  \\$aW1606-1753$c20171028$lBLL01$h1352
=CAT  \\$aW2011-1472$b00$c20201127$lBLL01$h1833
=FIN  \\$aY$d20130610
=LAS  \\$aW2011-1472$b00$c20201127$lBLL01$h1833

