=LDR  01753 gm a2200457uu 4500
=001  016428873
=003  Uk
=005  20201127183334.0
=008  100813s2007\\\\xx\|||\|||||||||||mleng\d
=FMT  \\$a  VM
=035  \\$aASP1879622/ant2
=245  00$aSoutheast London Ethnography: Three Student Films: Anglesea Road
=260  \\$aLondon, UK$bRoyal Anthropological Institute$c2007
=306  \\$a4 minutes
=490  0\$aEthnographic Video Online, Volume 2
=505  00$aSituated in Woolwich, South East London, Anglesea Road is a small world rich in Somali culture and tradition.
=546  \\$aIn English, Subtitles in English
=650  04$aSomali
=650  \4$aBusiness districts
=650  \4$aMerchants
=650  \4$aCity life
=650  \4$aCultural identity
=700  1\$aAdewuyi, Ivonne$4drt
=700  1\$aGurung, Bhim$4drt
=700  1\$aNelson, Jay.$4drt
=700  1\$aOti Ikomi$4drt
=700  1\$aOwles, Ed$4drt
=773  0\$dLondon, UK : Royal Anthropological Institute, 2007
=856  40$uhttp://www.aspresolver.com/aspresolver.asp?ANTH;1879622$yAlexander Street Press Ethnographic Video Online
=859  \\$aORR$bAlexander Street Press
=883  0\$aLanguage codes assigned by Bayesian analysis of words present in record$d20201028$qUk$c0.9010
=985  \\$aUpgraded by BSS-generated file for WR2011-1472
=CAT  \\$aWR13_071$b00$c20130610$lBLL01$h1629
=CAT  \\$aBATCH$b00$c20130610$lBLL01$h1629
=CAT  \\$aBATCH-UPD$b00$c20130610$lBLL01$h1630
=CAT  \\$aWR16_088$c20160606$lBLL01$h1632
=CAT  \\$aW1610-0368$c20161006$lBLL01$h0938
=CAT  \\$aW1606-1753$c20171028$lBLL01$h1352
=CAT  \\$aW2011-1472$b00$c20201127$lBLL01$h1833
=FIN  \\$aY$d20130610
=LAS  \\$aW2011-1472$b00$c20201127$lBLL01$h1833

