=LDR  01957 gm a2200421uu 4500
=001  016428875
=003  Uk
=005  20201127183334.0
=008  100813s9999\\\\xx\|||\|||||||||||mleng\d
=FMT  \\$a  VM
=035  \\$aASP1879616/ant2
=245  00$aSteel Lives
=260  \\$aLondon, UK$bRoyal Anthropological Institute
=306  \\$a43 minutes
=490  0\$aEthnographic Video Online, Volume 2
=505  00$aThe anthropologist spent several months working as unskilled labourer alongside Sheffield steelworkers at Morris for his PhD. This film is a look into the working lives of men who earn a living in what remains of the Sheffield Steel Industry. Endcliffe is an industrial area in the East End of Sheffield. The film follows the daily routine at the workshop as well as family and leisure activities and portraits the reactions to de-industrialization and work realities.
=546  \\$aIn English
=650  04$aBritish
=650  \4$aEconomic conditions
=650  \4$aWorking-class
=650  \4$aDaily life
=650  \4$aIron and steel industry
=700  1\$aDickinson, Margaret.$4pro
=700  1\$aMollona, Massimiliano$4drt
=773  0\$dLondon, UK : Royal Anthropological Institute
=856  40$uhttp://www.aspresolver.com/aspresolver.asp?ANTH;1879616$yAlexander Street Press Ethnographic Video Online
=859  \\$aORR$bAlexander Street Press
=883  0\$aLanguage codes assigned by Bayesian analysis of words present in record$d20201028$qUk$c0.9010
=985  \\$aUpgraded by BSS-generated file for WR2011-1472
=CAT  \\$aWR13_071$b00$c20130610$lBLL01$h1629
=CAT  \\$aBATCH$b00$c20130610$lBLL01$h1629
=CAT  \\$aWR16_088$c20160606$lBLL01$h1632
=CAT  \\$aBATCH-UPD$b00$c20160606$lBLL01$h1637
=CAT  \\$aW1610-0368$c20161006$lBLL01$h0938
=CAT  \\$aW1606-1753$c20171028$lBLL01$h1352
=CAT  \\$aW2011-1472$b00$c20201127$lBLL01$h1833
=FIN  \\$aY$d20130610
=LAS  \\$aW2011-1472$b00$c20201127$lBLL01$h1833

