=LDR  02127 gm a2200505uu 4500
=001  016428876
=003  Uk
=005  20201127183334.0
=008  100813s9999\\\\xx\|||\|||||||||||mleng\d
=FMT  \\$a  VM
=035  \\$aASP1869279/ant2
=245  00$aStrange Beliefs - Sir Edward Evans-Pritchard (1902-1973)
=260  \\$aLondon, UK$bRoyal Anthropological Institute
=306  \\$a52 minutes
=490  0\$aEthnographic Video Online, Volume 2
=505  00$aUniversity professor Sir Edward Evans-Pritchard taught that our own ideas have many features in common with other cultures and are just as weird and wonderful. He was the first trained anthropologist to do work in Africa, where he lived among the Azande and studied their belief in witchcraft. Later he worked with the Nuer tribe in the Sudan.
=546  \\$aIn English
=600  14$aEvans-Pritchard, Edward
=650  04$aNuer
=650  04$aZande
=650  \4$aWitchcraft
=650  \4$aTribal and national groups
=650  \4$aColonialism
=650  \4$aPopular beliefs
=650  \4$aScientific research
=650  \4$aField work for anthropology
=650  \4$aAnthropologists
=700  1\$aSinger, André.$4pro
=700  1\$aSinger, André.$4drt
=700  1\$aDakowski, Bruce.$4nrt
=773  0\$dLondon, UK : Royal Anthropological Institute
=856  40$uhttp://www.aspresolver.com/aspresolver.asp?ANTH;1869279$yAlexander Street Press Ethnographic Video Online
=859  \\$aORR$bAlexander Street Press
=883  0\$aLanguage codes assigned by Bayesian analysis of words present in record$d20201028$qUk$c0.9010
=985  \\$aUpgraded by BSS-generated file for WR2011-1472
=CAT  \\$aWR13_071$b00$c20130610$lBLL01$h1629
=CAT  \\$aBATCH$b00$c20130610$lBLL01$h1629
=CAT  \\$aBATCH-UPD$b00$c20130610$lBLL01$h1630
=CAT  \\$aWR16_088$c20160606$lBLL01$h1632
=CAT  \\$aBATCH-UPD$b00$c20160606$lBLL01$h1637
=CAT  \\$aW1610-0368$c20161006$lBLL01$h0938
=CAT  \\$aW1606-1753$c20171028$lBLL01$h1352
=CAT  \\$aW2011-1472$b00$c20201127$lBLL01$h1833
=FIN  \\$aY$d20130610
=LAS  \\$aW2011-1472$b00$c20201127$lBLL01$h1833

