=LDR  01858 gm a2200433uu 4500
=001  016428878
=003  Uk
=005  20201127183334.0
=008  100813s1988\\\\xx\|||\|||||||||||mleng\d
=FMT  \\$a  VM
=035  \\$aASP1879795/ant2
=245  00$aSundanese Popular Culture: Alive
=260  \\$aLondon, UK$bRoyal Anthropological Institute$c1988
=306  \\$a49 minutes
=490  0\$aEthnographic Video Online, Volume 2
=505  00$aJaipongan is a new style of music and dancing which was 'invented' about a decade ago on Western Java, Indonesia. Drawing on more classical Javanese music and taking elements from Japanese and Indian music as well, Jaipongan has become widely popular. Dancers and musicians explain the place of Jaipongan within Sundanese culture.
=650  04$aIndonesian
=650  04$aSundanese
=650  \4$aCultural identity
=650  \4$aCultural change and history
=650  \4$aCustoms
=650  \4$aMusic
=650  \4$aDance
=700  1\$aHellwig, Jean.$4pro
=700  1\$aHellwig, Jean.$4drt
=773  0\$dLondon, UK : Royal Anthropological Institute, 1988
=856  40$uhttp://www.aspresolver.com/aspresolver.asp?ANTH;1879795$yAlexander Street Press Ethnographic Video Online
=859  \\$aORR$bAlexander Street Press
=883  0\$aLanguage codes assigned by Bayesian analysis of words present in record$d20201028$qUk$c0.9010
=985  \\$aUpgraded by BSS-generated file for WR2011-1472
=CAT  \\$aWR13_071$b00$c20130610$lBLL01$h1629
=CAT  \\$aBATCH$b00$c20130610$lBLL01$h1629
=CAT  \\$aWR16_088$c20160606$lBLL01$h1632
=CAT  \\$aBATCH-UPD$b00$c20160606$lBLL01$h1637
=CAT  \\$aW1610-0368$c20161006$lBLL01$h0938
=CAT  \\$aW1606-1753$c20171028$lBLL01$h1352
=CAT  \\$aW2011-1472$b00$c20201127$lBLL01$h1833
=FIN  \\$aY$d20130610
=LAS  \\$aW2011-1472$b00$c20201127$lBLL01$h1833

