=LDR  02186 gm a2200457uu 4500
=001  016428879
=003  Uk
=005  20201127183334.0
=008  100813s2005\\\\xx\|||\|||||||||||mleng\d
=FMT  \\$a  VM
=035  \\$aASP1879791/ant2
=245  00$aTablas and Drum Machines: Afghan Music in California
=260  \\$aLondon, UK$bRoyal Anthropological Institute$c2005
=306  \\$a56 minutes
=490  0\$aEthnographic Video Online, Volume 2
=505  00$aRecorded in 2000
=520  3\$aEthnomusicologist John Baily visits Fremont, California, the new home of the large community of exiled Afghans. He is joined by Kabuli master-musician, Ustad Asif Mahmoud, who plans to open a small private music school to teach traditional tabla drumming to young Afghans. However, Fremont is also a centre of musical innovation, with electronic keyboards and their built-in drum machines. In a series of in context performances we witness the co-existence of traditional and modern Afghan music and the dancing that goes with them both.
=546  \\$aIn English, Subtitles in English
=650  04$aAfghan
=650  \4$aTraditional history
=650  \4$aCommunities
=650  \4$aAfghan people
=650  \4$aEquipment
=650  \4$aEthnomusicology
=650  \4$aCultural change and history
=700  1\$aBaily, John$4drt
=700  1\$aMahmoud, Ustad Asif.$4oth
=773  0\$dLondon, UK : Royal Anthropological Institute, 2005
=856  40$uhttp://www.aspresolver.com/aspresolver.asp?ANTH;1879791$yAlexander Street Press Ethnographic Video Online
=859  \\$aORR$bAlexander Street Press
=883  0\$aLanguage codes assigned by Bayesian analysis of words present in record$d20201028$qUk$c0.9010
=985  \\$aUpgraded by BSS-generated file for WR2011-1472
=CAT  \\$aWR13_071$b00$c20130610$lBLL01$h1629
=CAT  \\$aBATCH$b00$c20130610$lBLL01$h1629
=CAT  \\$aWR16_088$c20160606$lBLL01$h1632
=CAT  \\$aBATCH-UPD$b00$c20160606$lBLL01$h1637
=CAT  \\$aW1610-0368$c20161006$lBLL01$h0938
=CAT  \\$aW1606-1753$c20171028$lBLL01$h1352
=CAT  \\$aW2011-1472$b00$c20201127$lBLL01$h1833
=FIN  \\$aY$d20130610
=LAS  \\$aW2011-1472$b00$c20201127$lBLL01$h1833

