=LDR  01877 gm a2200433uu 4500
=001  016428880
=003  Uk
=005  20201127183334.0
=008  100813s1996\\\\xx\|||\|||||||||||mleng\d
=FMT  \\$a  VM
=035  \\$aASP1879787/ant2
=245  00$aTayuban: Dancing the Spirit in Java
=260  \\$aLondon, UK$bRoyal Anthropological Institute$c1996
=306  \\$a31 minutes
=490  0\$aEthnographic Video Online, Volume 2
=505  00$aOnce a year a ritual is held in a Javanese village. After a distribution of food, men dance with professional female dancers. Their allegedly sexual ethos makes these 'tayuban' unacceptable as national culture, but the dancing is a gift to the protective spirit in exchange for well-being, and represents community identity.
=546  \\$aIn English, Subtitles in English
=650  04$aJavanese
=650  04$aIndonesian
=650  \4$aCustoms
=650  \4$aSexuality
=650  \4$aDance
=650  \4$aReligious rites and ceremonies
=650  \4$aCultural identity
=700  1\$aHughes-Freeland, Felicia$4pro
=700  1\$aHughes-Freeland, Felicia$4drt
=773  0\$dLondon, UK : Royal Anthropological Institute, 1996
=856  40$uhttp://www.aspresolver.com/aspresolver.asp?ANTH;1879787$yAlexander Street Press Ethnographic Video Online
=859  \\$aORR$bAlexander Street Press
=883  0\$aLanguage codes assigned by Bayesian analysis of words present in record$d20201028$qUk$c0.9010
=985  \\$aUpgraded by BSS-generated file for WR2011-1472
=CAT  \\$aWR13_071$b00$c20130610$lBLL01$h1629
=CAT  \\$aBATCH$b00$c20130610$lBLL01$h1629
=CAT  \\$aWR16_088$c20160606$lBLL01$h1632
=CAT  \\$aW1610-0368$c20161006$lBLL01$h0938
=CAT  \\$aW1606-1753$c20171028$lBLL01$h1352
=CAT  \\$aW2011-1472$b00$c20201127$lBLL01$h1833
=FIN  \\$aY$d20130610
=LAS  \\$aW2011-1472$b00$c20201127$lBLL01$h1833

