=LDR  02298 gm a2200445uu 4500
=001  016428883
=003  Uk
=005  20201127183334.0
=008  100813s2012\\\\xx\|||\|||||||||||mleng\d
=FMT  \\$a  VM
=035  \\$aASP1872699/ant2
=245  00$aThere is Nothing Wrong with My Uncle
=260  \\$aLondon, UK$bRoyal Anthropological Institute$c2012
=306  \\$a61 minutes
=490  0\$aEthnographic Video Online, Volume 2
=505  00$aNigerian writer Dul Johnson returns to Tarok land to observe the local death rituals and the record of the Tarok ways of dealing with grief and honoring departed.This film provides a rare and detailed record of local religious practices. It bears witness to the fluid ways in which communities, families and individuals construct their religious and cultural identities, and also reseals the tense interplay between the modern and the traditional.Johnson's search for meaning in Tarok land yields a compelling portrait of Tarok culture, and provides a unique contributrion to the knowledge of contemporary religious life of Tarok communities of Mile 4 Langtan South, Tunkun and Wan Langtan North, Plateau State, Nigeria.
=546  \\$aIn Tarok, Subtitles in English
=650  04$aTarok
=650  \4$aCustoms
=650  \4$aCultural change and history
=650  \4$aCultural identity
=650  \4$aCommunities
=650  \4$aDeaths
=650  \4$aReligious rites and ceremonies
=700  1\$aBringas, Sylvie$4pro
=700  1\$aJohnson, Dul$4pro
=700  1\$aJohnson, Dul$4drt
=773  0\$dLondon, UK : Royal Anthropological Institute, 2012
=856  40$uhttp://www.aspresolver.com/aspresolver.asp?ANTH;1872699$yAlexander Street Press Ethnographic Video Online
=859  \\$aORR$bAlexander Street Press
=883  0\$aLanguage codes assigned by Bayesian analysis of words present in record$d20201028$qUk$c0.9010
=985  \\$aUpgraded by BSS-generated file for WR2011-1472
=CAT  \\$aWR13_071$b00$c20130610$lBLL01$h1629
=CAT  \\$aBATCH$b00$c20130610$lBLL01$h1629
=CAT  \\$aWR16_088$c20160606$lBLL01$h1632
=CAT  \\$aW1610-0368$c20161006$lBLL01$h0938
=CAT  \\$aW1606-1753$c20171028$lBLL01$h1352
=CAT  \\$aW2011-1472$b00$c20201127$lBLL01$h1833
=FIN  \\$aY$d20130610
=LAS  \\$aW2011-1472$b00$c20201127$lBLL01$h1833

