=LDR  01659 gm a2200421uu 4500
=001  016428884
=003  Uk
=005  20201127183334.0
=008  100813s1987\\\\xx\|||\|||||||||||mleng\d
=FMT  \\$a  VM
=035  \\$aASP1870993/ant2
=245  00$aA Tibetan New Year
=260  \\$aLondon, UK$bRoyal Anthropological Institute$c1987
=306  \\$a43 minutes
=490  0\$aEthnographic Video Online, Volume 2
=505  00$aRecorded in 1985
=520  3\$aThis outstanding documentary is placed in Northern India among a group of Tibetan refugees. They celebrate the New Year, following a ritual of their religion, Bonpo, which is older than Buddhism.
=546  \\$aIn English
=650  04$aTibetan
=650  \4$aHolidays
=650  \4$aRefugees
=650  \4$aNew Year's day
=650  \4$aBuddhism
=700  1\$aJerstad, Jon.$4drt
=773  0\$dLondon, UK : Royal Anthropological Institute, 1987
=856  40$uhttp://www.aspresolver.com/aspresolver.asp?ANTH;1870993$yAlexander Street Press Ethnographic Video Online
=859  \\$aORR$bAlexander Street Press
=883  0\$aLanguage codes assigned by Bayesian analysis of words present in record$d20201028$qUk$c0.9010
=985  \\$aUpgraded by BSS-generated file for WR2011-1472
=CAT  \\$aWR13_071$b00$c20130610$lBLL01$h1629
=CAT  \\$aBATCH$b00$c20130610$lBLL01$h1629
=CAT  \\$aWR16_088$c20160606$lBLL01$h1632
=CAT  \\$aBATCH-UPD$b00$c20160606$lBLL01$h1637
=CAT  \\$aW1610-0368$c20161006$lBLL01$h0938
=CAT  \\$aW1606-1753$c20171028$lBLL01$h1352
=CAT  \\$aW2011-1472$b00$c20201127$lBLL01$h1833
=FIN  \\$aY$d20130610
=LAS  \\$aW2011-1472$b00$c20201127$lBLL01$h1833

