=LDR  01958 gm a2200385uu 4500
=001  016428885
=003  Uk
=005  20201127183334.0
=008  100813s1998\\\\xx\|||\|||||||||||mleng\d
=FMT  \\$a  VM
=035  \\$aASP1874600/ant2
=245  00$aTiger's Apprentice
=260  \\$aLondon, UK$bRoyal Anthropological Institute$c1998
=306  \\$a57 minutes
=490  0\$aEthnographic Video Online, Volume 2
=505  00$aTiger's Apprentice is the story of M. Trinh Nguyen's journey to her native Vietnam. She observes and documents her great-uncle's folk medicine practices treating many patients and making his medicines for tumours, leprosy, and infections. She also seeks out people cured by her great-uncle, talks to local doctors and herbalists, battle Vietnamese government censors fearful her footage might make them seem backward to the Western world, and ultimately realises that through her investigation she has unwittingly begun to apprentice.
=546  \\$aIn Vietnamese, English, Subtitles in English
=650  04$aVietnamese
=650  \4$aTraditional medicine
=650  \4$aAlternative medicine
=700  1\$aNguyen, M. Trinh$4pro
=700  1\$aNguyen, M. Trinh$4drt
=773  0\$dLondon, UK : Royal Anthropological Institute, 1998
=856  40$uhttp://www.aspresolver.com/aspresolver.asp?ANTH;1874600$yAlexander Street Press Ethnographic Video Online
=859  \\$aORR$bAlexander Street Press
=883  0\$aLanguage codes assigned by Bayesian analysis of words present in record$d20201028$qUk$c0.9010
=985  \\$aUpgraded by BSS-generated file for WR2011-1472
=CAT  \\$aWR13_071$b00$c20130610$lBLL01$h1629
=CAT  \\$aBATCH$b00$c20130610$lBLL01$h1629
=CAT  \\$aWR16_088$c20160606$lBLL01$h1632
=CAT  \\$aW1610-0368$c20161006$lBLL01$h0938
=CAT  \\$aW1606-1753$c20171028$lBLL01$h1352
=CAT  \\$aW2011-1472$b00$c20201127$lBLL01$h1833
=FIN  \\$aY$d20130610
=LAS  \\$aW2011-1472$b00$c20201127$lBLL01$h1833

