=LDR  02730 gm a2200445uu 4500
=001  016428886
=003  Uk
=005  20201127183334.0
=008  100813s2005\\\\xx\|||\|||||||||||mleng\d
=FMT  \\$a  VM
=035  \\$aASP1874615/ant2
=245  00$aTingvong: A Lepcha Village in Sikkim
=260  \\$aLondon, UK$bRoyal Anthropological Institute$c2005
=306  \\$a61 minutes
=490  0\$aEthnographic Video Online, Volume 2
=505  00$aThe film illustrates the changes the Lepcha of the Dzongu reserve, North Sikkim, have been through in the last 60 years. From the 1940s, the Lepcha of Tingvong village gradually abandoned hunting, gathering and the slash and burn cultivation of dry rice, and became settled agriculturalists. Entire mountains sides were converted to cardamom and terraced for the cultivation of irrigated paddy. The irrigated rice and the cardamom cash crop not only brought the Lepcha within Sikkim's market economy but helped create a surplus which could among other things be invested in religion. In the 1940s, the Lepcha of Tingvong embraced Buddhism and all its complex rituals without however abandoning their strong shamanic traditions. Today, both forms of rituals amiably co-exist in the village. This film is part of a long-term visual anthropology training project for the tribal communities of Sikkim. The first phase aims to document the social life and rituals of the Lepcha of Dzongu. We have accumulated over 100 hours of material which is archived at the institute for research use. This is the first film edited from the material.
=546  \\$aIn Lepcha, Subtitles in English
=650  04$aLepcha
=650  \4$aAgriculture
=650  \4$aDaily life
=650  \4$aShamanism
=650  \4$aBuddhism
=650  \4$aCultural change and history
=700  1\$aLepcha, Dawa T.$4drt
=700  1\$aBalikci, Asen$4ctb
=700  1\$aBalikci-Denjongpa, Anna.$4ctb
=773  0\$dLondon, UK : Royal Anthropological Institute, 2005
=856  40$uhttp://www.aspresolver.com/aspresolver.asp?ANTH;1874615$yAlexander Street Press Ethnographic Video Online
=859  \\$aORR$bAlexander Street Press
=883  0\$aLanguage codes assigned by Bayesian analysis of words present in record$d20201028$qUk$c0.9010
=985  \\$aUpgraded by BSS-generated file for WR2011-1472
=CAT  \\$aWR13_071$b00$c20130610$lBLL01$h1629
=CAT  \\$aBATCH$b00$c20130610$lBLL01$h1629
=CAT  \\$aWR16_088$c20160606$lBLL01$h1632
=CAT  \\$aBATCH-UPD$b00$c20160606$lBLL01$h1637
=CAT  \\$aW1610-0368$c20161006$lBLL01$h0938
=CAT  \\$aW1606-1753$c20171028$lBLL01$h1352
=CAT  \\$aW2011-1472$b00$c20201127$lBLL01$h1833
=FIN  \\$aY$d20130610
=LAS  \\$aW2011-1472$b00$c20201127$lBLL01$h1833

