=LDR  01854 gm a2200433uu 4500
=001  016428887
=003  Uk
=005  20201127183334.0
=008  100813s9999\\\\xx\|||\|||||||||||mleng\d
=FMT  \\$a  VM
=035  \\$aASP1860704/ant2
=245  00$aTo Play Kutiyattam With the Master
=260  \\$aParis, France$bZED
=306  \\$a52 minutes
=490  0\$aEthnographic Video Online, Volume 2
=505  00$aVipin is 15 years old. He is a student at the Kalamandalam School, where performing arts are taught. He has been studying Kutyattam for three years, the only traditional Sanskrit theatre in India. Each day, students are subjected to rigorous discipline and intensive trainings. Thanks to the help of their teacher, Sangi, they will learn more than 400 codified gestures and will develop a new body: the actor's body, the Kutiyattam body.
=546  \\$aIn English
=650  04$aIndian
=650  \4$aRehearsals
=650  \4$aStudents
=650  \4$aCultural identity
=650  \4$aPlays
=650  \4$aActors
=650  \4$aTheater
=700  1\$aCatteau, Manuel$4pro
=700  1\$aQueyrat, Jean$4drt
=773  0\$dParis, France : ZED
=856  40$uhttp://www.aspresolver.com/aspresolver.asp?ANTH;1860704$yAlexander Street Press Ethnographic Video Online
=859  \\$aORR$bAlexander Street Press
=883  0\$aLanguage codes assigned by Bayesian analysis of words present in record$d20201028$qUk$c0.9010
=985  \\$aUpgraded by BSS-generated file for WR2011-1472
=CAT  \\$aWR13_071$b00$c20130610$lBLL01$h1629
=CAT  \\$aBATCH$b00$c20130610$lBLL01$h1629
=CAT  \\$aWR16_088$c20160606$lBLL01$h1632
=CAT  \\$aW1610-0368$c20161006$lBLL01$h0938
=CAT  \\$aW1606-1753$c20171028$lBLL01$h1352
=CAT  \\$aW2011-1472$b00$c20201127$lBLL01$h1833
=FIN  \\$aY$d20130610
=LAS  \\$aW2011-1472$b00$c20201127$lBLL01$h1833

