=LDR  02111 gm a2200469uu 4500
=001  016428888
=003  Uk
=005  20201127183334.0
=008  100813s1983\\\\xx\|||\|||||||||||mleng\d
=FMT  \\$a  VM
=035  \\$aASP1879377/ant2
=245  00$aTracking the Pale Fox: Studies on the Dogon
=260  \\$aLondon, UK$bRoyal Anthropological Institute$c1983
=306  \\$a48 minutes
=490  0\$aEthnographic Video Online, Volume 2
=505  00$aThis film tells with verve and a touch of self-irony the history of research on the Dogon since the famous 1931 expedition of Marcel Griaule. The film establishes the original expedition in the context of French anthropology at the time. Jean Rouch, celebrated filmmaker and less known as an anthropologist on the Dogon, narrates part of the story, and interviews Dogon elders and veteran expedition-member, Germaine Dieterlen.
=546  \\$aIn French, English
=600  14$aGriaule, Marcel
=650  04$aDogon
=650  \4$aReligious rites and ceremonies
=650  \4$aCultural change and history
=650  \4$aAfrican ethnic groups
=650  \4$aColonialism
=650  \4$aAnthropology
=650  \4$aEthnographic methodology
=700  1\$ade Heusch, Luc$4drt
=700  1\$aRouch, Jean.$4oth
=700  1\$aRouch, Jean.$4ctb
=773  0\$dLondon, UK : Royal Anthropological Institute, 1983
=856  40$uhttp://www.aspresolver.com/aspresolver.asp?ANTH;1879377$yAlexander Street Press Ethnographic Video Online
=859  \\$aORR$bAlexander Street Press
=883  0\$aLanguage codes assigned by Bayesian analysis of words present in record$d20201028$qUk$c0.9010
=985  \\$aUpgraded by BSS-generated file for WR2011-1472
=CAT  \\$aWR13_071$b00$c20130610$lBLL01$h1629
=CAT  \\$aBATCH$b00$c20130610$lBLL01$h1629
=CAT  \\$aWR16_088$c20160606$lBLL01$h1632
=CAT  \\$aBATCH-UPD$b00$c20160606$lBLL01$h1637
=CAT  \\$aW1610-0368$c20161006$lBLL01$h0938
=CAT  \\$aW1606-1753$c20171028$lBLL01$h1352
=CAT  \\$aW2011-1472$b00$c20201127$lBLL01$h1833
=FIN  \\$aY$d20130610
=LAS  \\$aW2011-1472$b00$c20201127$lBLL01$h1833

