=LDR  02384 gm a2200481uu 4500
=001  016428889
=003  Uk
=005  20201127183334.0
=008  100813s2012\\\\xx\|||\|||||||||||mleng\d
=FMT  \\$a  VM
=035  \\$aASP1879462/ant2
=245  00$aTransfiction
=260  \\$aLondon, UK$bRoyal Anthropological Institute$c2012
=306  \\$a56 minutes
=490  0\$aEthnographic Video Online, Volume 2
=505  00$aTransfiction explores 'ethnofiction' - an experimental ethnographic documentary film style in which the participants collaborate with the filmmaker to act out their own and others' life experiences in improvisations. The film focuses on identity and discrimination in the daily lives of transgendered Brazilians living in São Paulo. Fabia Mirassos projects her life through the role of Meg, a transsexual hairdresser confronting intolerance and re-living memories of abuse. Savana 'Bibi' Meirelles plays Zilda who makes her living as one of the many transgendered sex workers in São Paulo, as she struggles to find her way out of prostitution.
=546  \\$aIn Portuguese, Subtitles in English
=650  04$aBrazilian
=650  \4$aTransgender people
=650  \4$aCultural change and history
=650  \4$aDaily life
=650  \4$aCultural identity
=650  \4$aPrejudice
=700  1\$aSjöberg, Johannes.$4drt
=700  1\$aBaião, Marta$4oth
=700  1\$aMeirelles, Savana 'Bibi'$4oth
=700  1\$aMirassos, Fabia$4oth
=700  1\$ade Oliveira Rosa, Carlos$4oth
=773  0\$dLondon, UK : Royal Anthropological Institute, 2012
=856  40$uhttp://www.aspresolver.com/aspresolver.asp?ANTH;1879462$yAlexander Street Press Ethnographic Video Online
=859  \\$aORR$bAlexander Street Press
=883  0\$aLanguage codes assigned by Bayesian analysis of words present in record$d20201028$qUk$c0.9010
=985  \\$aUpgraded by BSS-generated file for WR2011-1472
=CAT  \\$aWR13_071$b00$c20130610$lBLL01$h1629
=CAT  \\$aBATCH$b00$c20130610$lBLL01$h1629
=CAT  \\$aWR16_088$c20160606$lBLL01$h1632
=CAT  \\$aW1610-0368$c20161006$lBLL01$h0938
=CAT  \\$aW1606-1753$c20171028$lBLL01$h1352
=CAT  \\$aBATCH-UPD$b00$c20180529$lBLL01$h1459
=CAT  \\$aBATCH-UPD$b00$c20180601$lBLL01$h2019
=CAT  \\$aW2011-1472$b00$c20201127$lBLL01$h1833
=FIN  \\$aY$d20130610
=LAS  \\$aW2011-1472$b00$c20201127$lBLL01$h1833

