=LDR  01954 gm a2200445uu 4500
=001  016428890
=003  Uk
=005  20201127183334.0
=008  100813s1952\\\\xx\|||\|||||||||||mleng\d
=FMT  \\$a  VM
=035  \\$aASP1871104/ant2
=245  00$aThe Trobriand Islanders
=260  \\$aLondon, UK$bRoyal Anthropological Institute$c1952
=306  \\$a58 minutes
=490  0\$aEthnographic Video Online, Volume 2
=505  00$aRecorded in 1951
=520  3\$aDuring his field work in the region of Omarakana, H.A.Powell filmed various sequences from which the film is assembled. In spite of the technical handicaps under which he was operating - shooting with a single, fixed-focus lens, 16mm camera without tripod - the film is nevertheless useful as a teaching aid. The commentary concentrates on the ethnography of Trobriand life.
=546  \\$aIn English
=650  04$aPapua New Guinean
=650  \4$aCultural views
=650  \4$aCanoes and kayaks
=650  \4$aRural population
=650  \4$aAgricultural conditions
=650  \4$aReligious beliefs
=650  \4$aTribal and national groups
=700  1\$aPowell, Harry A.$4drt
=700  1\$aPowell, Harry A.$4nrt
=773  0\$dLondon, UK : Royal Anthropological Institute, 1952
=856  40$uhttp://www.aspresolver.com/aspresolver.asp?ANTH;1871104$yAlexander Street Press Ethnographic Video Online
=859  \\$aORR$bAlexander Street Press
=883  0\$aLanguage codes assigned by Bayesian analysis of words present in record$d20201028$qUk$c0.9010
=985  \\$aUpgraded by BSS-generated file for WR2011-1472
=CAT  \\$aWR13_071$b00$c20130610$lBLL01$h1629
=CAT  \\$aBATCH$b00$c20130610$lBLL01$h1629
=CAT  \\$aWR16_088$c20160606$lBLL01$h1632
=CAT  \\$aW1610-0368$c20161006$lBLL01$h0938
=CAT  \\$aW1606-1753$c20171028$lBLL01$h1352
=CAT  \\$aW2011-1472$b00$c20201127$lBLL01$h1833
=FIN  \\$aY$d20130610
=LAS  \\$aW2011-1472$b00$c20201127$lBLL01$h1833

