=LDR  01887 gm a2200433uu 4500
=001  016428891
=003  Uk
=005  20201127183334.0
=008  100813s1985\\\\xx\|||\|||||||||||mleng\d
=FMT  \\$a  VM
=035  \\$aASP1879523/ant2
=245  00$aTuktu
=260  \\$aLondon, UK$bRoyal Anthropological Institute$c1985
=306  \\$a47 minutes
=490  0\$aEthnographic Video Online, Volume 2
=505  00$aTuktu is the Kuvanmiit Eskimo word for caribou. The film traces the early evolution of Ambler, founded almost 30 years ago on the Kobuk River in Alaska. Change and development mark life now in this village near an old caribou migration path. Subsistence values face rapid Westernization, but the villagers' desire to combine their old way of life with the new remains the strongest force.
=546  \\$aIn English
=650  04$aEskimo
=650  04$aInuit
=650  \4$aArctic circle
=650  \4$aCultural identity
=650  \4$aCommunities
=650  \4$aCaribou
=650  \4$aCultural change and history
=700  1\$aJohnston, Graham.$4drt
=773  0\$dLondon, UK : Royal Anthropological Institute, 1985
=856  40$uhttp://www.aspresolver.com/aspresolver.asp?ANTH;1879523$yAlexander Street Press Ethnographic Video Online
=859  \\$aORR$bAlexander Street Press
=883  0\$aLanguage codes assigned by Bayesian analysis of words present in record$d20201028$qUk$c0.9010
=985  \\$aUpgraded by BSS-generated file for WR2011-1472
=CAT  \\$aWR13_071$b00$c20130610$lBLL01$h1629
=CAT  \\$aBATCH$b00$c20130610$lBLL01$h1629
=CAT  \\$aWR16_088$c20160606$lBLL01$h1632
=CAT  \\$aBATCH-UPD$b00$c20160606$lBLL01$h1637
=CAT  \\$aW1610-0368$c20161006$lBLL01$h0938
=CAT  \\$aW1606-1753$c20171028$lBLL01$h1352
=CAT  \\$aW2011-1472$b00$c20201127$lBLL01$h1833
=FIN  \\$aY$d20130610
=LAS  \\$aW2011-1472$b00$c20201127$lBLL01$h1833

