=LDR  01899 gm a2200445uu 4500
=001  016428892
=003  Uk
=005  20201127183334.0
=008  100813s9999\\\\xx\|||\|||||||||||mleng\d
=FMT  \\$a  VM
=035  \\$aASP1861409/ant2
=245  00$aThe Tumba Francesa
=260  \\$aParis, France$bZED
=306  \\$a51 minutes
=490  0\$aEthnographic Video Online, Volume 2
=505  00$aIn Cuba, Sulaidy learns the Tumba Francesa, an old French dance that her ancestors have kept alive from the time they were slaves, hundred of years ago. Andrea and his husband, Flavio, are the presidents of the Tumba of Santiago. They fear for the future of this dance. To perpetuate tradition, they take the children in hand and teach them to play and to sing. They struggle to teach younger people so that the Tumba lives on.
=546  \\$aIn English
=650  04$aCuban
=650  04$aAfrican Cuban
=650  \4$aMusic
=650  \4$aCultural identity
=650  \4$aSlaves
=650  \4$aSocial dances
=700  1\$aCatteau, Manuel$4pro
=700  1\$aQueyrat, Jean$4drt
=700  1\$aMann, Sharon.$4nrt
=773  0\$dParis, France : ZED
=856  40$uhttp://www.aspresolver.com/aspresolver.asp?ANTH;1861409$yAlexander Street Press Ethnographic Video Online
=859  \\$aORR$bAlexander Street Press
=883  0\$aLanguage codes assigned by Bayesian analysis of words present in record$d20201028$qUk$c0.9010
=985  \\$aUpgraded by BSS-generated file for WR2011-1472
=CAT  \\$aWR13_071$b00$c20130610$lBLL01$h1629
=CAT  \\$aBATCH$b00$c20130610$lBLL01$h1629
=CAT  \\$aWR16_088$c20160606$lBLL01$h1632
=CAT  \\$aBATCH-UPD$b00$c20160606$lBLL01$h1637
=CAT  \\$aW1610-0368$c20161006$lBLL01$h0938
=CAT  \\$aW1606-1753$c20171028$lBLL01$h1352
=CAT  \\$aW2011-1472$b00$c20201127$lBLL01$h1833
=FIN  \\$aY$d20130610
=LAS  \\$aW2011-1472$b00$c20201127$lBLL01$h1833

