=LDR  02469 gm a2200457uu 4500
=001  016428893
=003  Uk
=005  20201127183334.0
=008  100813s2009\\\\xx\|||\|||||||||||mleng\d
=FMT  \\$a  VM
=035  \\$aASP1879563/ant2
=245  00$aUncanny Strangers
=260  \\$aLondon, UK$bRoyal Anthropological Institute$c2009
=306  \\$a46 minutes
=490  0\$aEthnographic Video Online, Volume 2
=505  00$aRecorded in 2006
=520  3\$aUncanny Strangers is a 46 min non-fiction film shot in a fishing village in South Western Madagascar. The film follows different relations between the villagers and various human and non-human strangers - ancestor and tromba spirits, Western NGO workers, ecotourists, fish collectors, cattle rustlers and the ethnographic filmmaker. Through a series of everyday life episodes, it provides insights into the ontology of these relationships and the strategies employed by the villagers to make them work for their economic and political purposes. Through its specific ethnographic focus on the 'uncanny' qualities of such relations, the film points towards more generic issues related to hospitality practice, the constitution of selves through webs of relationships with others, and forms of collaboration in emerging transnational social field such as - here - environmental action.
=650  04$aMalagasy
=650  \4$aCultural change and history
=650  \4$aSocial activists
=650  \4$aHospitality
=650  \4$aCommercial fishing
=650  \4$aDaily life
=650  \4$aEnvironment
=650  \4$aEcology
=700  1\$aPicard, David.$4pro
=700  1\$aPicard, David.$4drt
=773  0\$dLondon, UK : Royal Anthropological Institute, 2009
=856  40$uhttp://www.aspresolver.com/aspresolver.asp?ANTH;1879563$yAlexander Street Press Ethnographic Video Online
=859  \\$aORR$bAlexander Street Press
=883  0\$aLanguage codes assigned by Bayesian analysis of words present in record$d20201028$qUk$c0.9010
=985  \\$aUpgraded by BSS-generated file for WR2011-1472
=CAT  \\$aWR13_071$b00$c20130610$lBLL01$h1629
=CAT  \\$aBATCH$b00$c20130610$lBLL01$h1629
=CAT  \\$aWR16_088$c20160606$lBLL01$h1632
=CAT  \\$aBATCH-UPD$b00$c20160606$lBLL01$h1637
=CAT  \\$aW1610-0368$c20161006$lBLL01$h0938
=CAT  \\$aW1606-1753$c20171028$lBLL01$h1352
=CAT  \\$aW2011-1472$b00$c20201127$lBLL01$h1833
=FIN  \\$aY$d20130610
=LAS  \\$aW2011-1472$b00$c20201127$lBLL01$h1833

