=LDR  02189 gm a2200433uu 4500
=001  016428894
=003  Uk
=005  20201127183334.0
=008  100813s2012\\\\xx\|||\|||||||||||mleng\d
=FMT  \\$a  VM
=035  \\$aASP1879577/ant2
=245  00$aUnravel
=260  \\$aLondon, UK$bRoyal Anthropological Institute$c2012
=306  \\$a13 minutes
=490  0\$aEthnographic Video Online, Volume 2
=505  00$aUnravel follows the Western world's least wanted clothes on a journey across Northern India, from sea to industrial interior. They get sent to Panipat, a sleepy town and the only place in the world that wants them, recycling them back into yarn.Reshma is a bright, inquisitive woman working in a textile recycling factory in small time India, who dreams of travelling the vast distances the clothes she handles have. While Reshma shows us how these garments get transformed, she and other women workers reflect on these clothes. Despite limited exposure to western culture, they construct a picture of how the West is, using both their imagination and the rumours that travel with the cast-offs.
=546  \\$aIn Hindi, Subtitles in English
=650  04$aIndian
=650  \4$aWomen in workforce
=650  \4$aApparel
=650  \4$aRecycling industry
=650  \4$aCloth
=700  1\$aBerardi, Gigi$4pro
=700  1\$aGupta, Meghna$4pro
=700  1\$aGupta, Meghna$4drt
=700  1\$aReshma$4oth
=773  0\$dLondon, UK : Royal Anthropological Institute, 2012
=856  40$uhttp://www.aspresolver.com/aspresolver.asp?ANTH;1879577$yAlexander Street Press Ethnographic Video Online
=859  \\$aORR$bAlexander Street Press
=883  0\$aLanguage codes assigned by Bayesian analysis of words present in record$d20201028$qUk$c0.9010
=985  \\$aUpgraded by BSS-generated file for WR2011-1472
=CAT  \\$aWR13_071$b00$c20130610$lBLL01$h1629
=CAT  \\$aBATCH$b00$c20130610$lBLL01$h1629
=CAT  \\$aWR16_088$c20160606$lBLL01$h1632
=CAT  \\$aW1610-0368$c20161006$lBLL01$h0938
=CAT  \\$aW1606-1753$c20171028$lBLL01$h1352
=CAT  \\$aW2011-1472$b00$c20201127$lBLL01$h1833
=FIN  \\$aY$d20130610
=LAS  \\$aW2011-1472$b00$c20201127$lBLL01$h1833

