=LDR  02221 gm a2200421uu 4500
=001  016428896
=003  Uk
=005  20201127183334.0
=008  100813s2008\\\\xx\|||\|||||||||||mleng\d
=FMT  \\$a  VM
=035  \\$aASP1879579/ant2
=245  00$aUstad Rahim
=260  \\$aLondon, UK$bRoyal Anthropological Institute$c2008
=306  \\$a56 minutes
=490  0\$aEthnographic Video Online, Volume 2
=505  00$aRecorded in 1994
=520  3\$aShot in the city of Heart, western Afghanistan 1994, in the period between the fall of the last leftist government and the coming of the Taliban, this is a portrait film of an outstanding musician, Ustad Rahim Khushnawaz. He was a master of the Afghan rubab, a double-chambered plucked lute with sympathetic strings. Using the observational cinema style the film shows Ustad Rahim in various contexts. These include a guided tour of the photos in his music room that recount his musical career, being at home with his wife and children, showing off his pigeons, erecting the tombstone for his father's grave, and teaching and playing the rubab. Of particular interest is the gormani ritual, a gathering of musicians where Rahim accepts a new student.
=650  04$aAfghan
=650  \4$aMusical instruments
=650  \4$aMusic schools
=650  \4$aMusic careers
=650  \4$aFolk music
=700  1\$aBaily, John$4pro
=700  1\$aBaily, John$4drt
=700  1\$aKhushnawaz, Ustad Rahim$4oth
=773  0\$dLondon, UK : Royal Anthropological Institute, 2008
=856  40$uhttp://www.aspresolver.com/aspresolver.asp?ANTH;1879579$yAlexander Street Press Ethnographic Video Online
=859  \\$aORR$bAlexander Street Press
=883  0\$aLanguage codes assigned by Bayesian analysis of words present in record$d20201028$qUk$c0.9010
=985  \\$aUpgraded by BSS-generated file for WR2011-1472
=CAT  \\$aWR13_071$b00$c20130610$lBLL01$h1629
=CAT  \\$aBATCH$b00$c20130610$lBLL01$h1629
=CAT  \\$aWR16_088$c20160606$lBLL01$h1632
=CAT  \\$aW1610-0368$c20161006$lBLL01$h0938
=CAT  \\$aW1606-1753$c20171028$lBLL01$h1352
=CAT  \\$aW2011-1472$b00$c20201127$lBLL01$h1833
=FIN  \\$aY$d20130610
=LAS  \\$aW2011-1472$b00$c20201127$lBLL01$h1833

