=LDR  01945 gm a2200457uu 4500
=001  016428897
=003  Uk
=005  20201127183334.0
=008  100813s1995\\\\xx\|||\|||||||||||mleng\d
=FMT  \\$a  VM
=035  \\$aASP1879583/ant2
=245  00$aWithout Fathers or Husbands
=246  13$asociété sans père ni mari : les Naxi de Chine
=260  \\$aLondon, UK$bRoyal Anthropological Institute$c1995
=306  \\$a26 minutes
=490  0\$aEthnographic Video Online, Volume 2
=505  00$aThe Na are an ethnic group in south-east China. Their particularity is that all the members of each household are consanguineous relatives; their social organisation is absolutely matrilineal and as incest is prohibited, like elsewhere, their sexual life mainly takes the form of nocturnal visits of men to women.
=546  \\$aIn English
=650  04$aMosuo (Na)
=650  \4$aFamiliy lineages
=650  \4$aRural population
=650  \4$aWomen
=650  \4$aSexual intercourse
=650  \4$aFamily organization
=650  \4$aTribal and national groups
=650  \4$aGender roles
=700  1\$aCai, Hua.$4drt
=773  0\$dLondon, UK : Royal Anthropological Institute, 1995
=856  40$uhttp://www.aspresolver.com/aspresolver.asp?ANTH;1879583$yAlexander Street Press Ethnographic Video Online
=859  \\$aORR$bAlexander Street Press
=883  0\$aLanguage codes assigned by Bayesian analysis of words present in record$d20201028$qUk$c0.9010
=985  \\$aUpgraded by BSS-generated file for WR2011-1472
=CAT  \\$aWR13_071$b00$c20130610$lBLL01$h1629
=CAT  \\$aBATCH$b00$c20130610$lBLL01$h1629
=CAT  \\$aWR16_088$c20160606$lBLL01$h1632
=CAT  \\$aBATCH-UPD$b00$c20160606$lBLL01$h1637
=CAT  \\$aW1610-0368$c20161006$lBLL01$h0938
=CAT  \\$aW1606-1753$c20171028$lBLL01$h1352
=CAT  \\$aW2011-1472$b00$c20201127$lBLL01$h1833
=FIN  \\$aY$d20130610
=LAS  \\$aW2011-1472$b00$c20201127$lBLL01$h1833

