=LDR  02049 gm a2200433uu 4500
=001  016428898
=003  Uk
=005  20201127183334.0
=008  100813s9999\\\\xx\|||\|||||||||||mleng\d
=FMT  \\$a  VM
=035  \\$aASP1867467/ant2
=245  00$aWizards of Wood
=260  \\$aParis, France$bZED
=306  \\$a52 minutes
=490  0\$aEthnographic Video Online, Volume 2
=505  00$aOn the northwest coast of Madagascar live the Zafimaniry people, lumbermen famous for their incredible wood crafting abilities. The subtle and poetic geometric patterns of their work translate the principles that guide their lives. Solo and Jean are two young boys who will build a traditional house like their ancestors did, following the advices of the elders. The Zafimaniry wood crafting knowledge of Madagascar has been proclaimed a Masterpiece of Human Heritage by Unesco, which plans to safeguard this tradition that has been passed down orally from generation to generation for centuries.
=546  \\$aIn English
=650  04$aZafimaniry
=650  \4$aLumber
=650  \4$aCultural identity
=650  \4$aHouses
=650  \4$aWoodworking
=650  \4$aTribal and national groups
=700  1\$aSegur, Jérôme$4drt
=700  1\$aBanday, Paul.$4nrt
=773  0\$dParis, France : ZED
=856  40$uhttp://www.aspresolver.com/aspresolver.asp?ANTH;1867467$yAlexander Street Press Ethnographic Video Online
=859  \\$aORR$bAlexander Street Press
=883  0\$aLanguage codes assigned by Bayesian analysis of words present in record$d20201028$qUk$c0.9010
=985  \\$aUpgraded by BSS-generated file for WR2011-1472
=CAT  \\$aWR13_071$b00$c20130610$lBLL01$h1629
=CAT  \\$aBATCH$b00$c20130610$lBLL01$h1629
=CAT  \\$aWR16_088$c20160606$lBLL01$h1632
=CAT  \\$aBATCH-UPD$b00$c20160606$lBLL01$h1637
=CAT  \\$aW1610-0368$c20161006$lBLL01$h0938
=CAT  \\$aW1606-1753$c20171028$lBLL01$h1352
=CAT  \\$aW2011-1472$b00$c20201127$lBLL01$h1833
=FIN  \\$aY$d20130610
=LAS  \\$aW2011-1472$b00$c20201127$lBLL01$h1833

