=LDR  02235 gm a2200445uu 4500
=001  016428899
=003  Uk
=005  20201127183334.0
=008  100813s1998\\\\xx\|||\|||||||||||mleng\d
=FMT  \\$a  VM
=035  \\$aASP1879585/ant2
=245  00$aYmako
=260  \\$aLondon, UK$bRoyal Anthropological Institute$c1998
=306  \\$a51 minutes
=490  0\$aEthnographic Video Online, Volume 2
=505  00$aWinner of the (RAI) Basil Wright Film Prize 1998 Ymako Teatri, a theatre company based in Ivory Coast, uses street theatre to question some contemporary West-African problems. Their originality consists in using the 'invisible theatre' method in order to surprise the public and thus make it react itself to its own problems. This documentary shows how a local theatre company efficiently uses fiction to problematise today's African reality. This film presents two performances, one criticises the current proliferation of religious sects, the other deals with the awakening of villagers towards AIDS. Ymako, in Bambara, means 'our concerns'.
=546  \\$aIn French, Subtitles in English
=650  04$aWest African
=650  \4$aPublic health awareness
=650  \4$aEducation
=650  \4$aReligious beliefs
=650  \4$aTheater
=650  \4$aAIDS
=700  1\$aShuffield, Robin.$4drt
=700  1\$aVan Lancker, Laurent.$4drt
=773  0\$dLondon, UK : Royal Anthropological Institute, 1998
=856  40$uhttp://www.aspresolver.com/aspresolver.asp?ANTH;1879585$yAlexander Street Press Ethnographic Video Online
=859  \\$aORR$bAlexander Street Press
=883  0\$aLanguage codes assigned by Bayesian analysis of words present in record$d20201028$qUk$c0.9010
=985  \\$aUpgraded by BSS-generated file for WR2011-1472
=CAT  \\$aWR13_071$b00$c20130610$lBLL01$h1629
=CAT  \\$aBATCH$b00$c20130610$lBLL01$h1629
=CAT  \\$aWR16_088$c20160606$lBLL01$h1632
=CAT  \\$aBATCH-UPD$b00$c20160606$lBLL01$h1637
=CAT  \\$aW1610-0368$c20161006$lBLL01$h0938
=CAT  \\$aW1606-1753$c20171028$lBLL01$h1352
=CAT  \\$aW2011-1472$b00$c20201127$lBLL01$h1833
=CAT  \\$aBATCH-UPD$b00$c20211024$lBLL01$h2052
=FIN  \\$aY$d20130610
=LAS  \\$aBATCH-UPD$b00$c20211024$lBLL01$h2052

