=LDR  01860 gm a2200421uu 4500
=001  016428900
=003  Uk
=005  20201127183334.0
=008  100813s9999\\\\xx\|||\|||||||||||mleng\d
=FMT  \\$a  VM
=035  \\$aASP1867469/ant2
=245  00$aYoung Girl and the Monkey
=260  \\$aParis, France$bZED
=306  \\$a50 minutes
=490  0\$aEthnographic Video Online, Volume 2
=505  00$aKoun is a survivor of the Khmer Rouge tragedy. She was once a famous dancer, and today contributes to the restoration of the Royal Ballet by teaching dance to children. Sre Cha, the prettiest and most talented of Koun's students, dreams of performing as the White Apsara, the divinely beautiful dancer. Kmao, the mischievous boy from the slums, wants to dance as Hanuman, the white monkey, a hero for all Cambodian boys.
=546  \\$aIn English, Subtitles in English
=650  04$aCambodian
=650  \4$aTeachers
=650  \4$aBallet
=650  \4$aDance
=700  1\$aCatteau, Manuel$4pro
=700  1\$aSegur, Jérôme$4drt
=700  1\$aBanday, Paul.$4nrt
=773  0\$dParis, France : ZED
=856  40$uhttp://www.aspresolver.com/aspresolver.asp?ANTH;1867469$yAlexander Street Press Ethnographic Video Online
=859  \\$aORR$bAlexander Street Press
=883  0\$aLanguage codes assigned by Bayesian analysis of words present in record$d20201028$qUk$c0.9010
=985  \\$aUpgraded by BSS-generated file for WR2011-1472
=CAT  \\$aWR13_071$b00$c20130610$lBLL01$h1629
=CAT  \\$aBATCH$b00$c20130610$lBLL01$h1629
=CAT  \\$aWR16_088$c20160606$lBLL01$h1632
=CAT  \\$aBATCH-UPD$b00$c20160606$lBLL01$h1637
=CAT  \\$aW1610-0368$c20161006$lBLL01$h0938
=CAT  \\$aW1606-1753$c20171028$lBLL01$h1352
=CAT  \\$aW2011-1472$b00$c20201127$lBLL01$h1833
=FIN  \\$aY$d20130610
=LAS  \\$aW2011-1472$b00$c20201127$lBLL01$h1833

